市场代码,合约代码,Date,最新,持仓,增仓,成交额,Volume,开仓,平仓,成交类型,方向,买一价,Close,买一量,卖一量
DC,a2403,2024-01-26 20:59:00.037,4680.0000,184257,-30,41652000.0000,890,430,460,多平,S,4680.0000,4681.0000,190,8
DC,a2403,2024-01-26 21:00:00.480,4682.0000,184196,-61,8291340.0000,177,58,119,空平,B,4681.0000,4683.0000,11,2
DC,a2403,2024-01-26 21:00:00.981,4685.0000,184211,15,9364230.0000,200,107,93,多开,B,4682.0000,4685.0000,7,3
DC,a2403,2024-01-26 21:00:01.483,4684.0000,184156,-55,5480330.0000,117,31,86,空平,B,4683.0000,4685.0000,13,2
DC,a2403,2024-01-26 21:00:01.986,4682.0000,184116,-40,5993770.0000,128,44,84,空平,B,4680.0000,4682.0000,93,1
DC,a2403,2024-01-26 21:00:02.427,4681.0000,184134,18,4586990.0000,98,58,40,空开,S,4681.0000,4682.0000,4,26
DC,a2403,2024-01-26 21:00:02.983,4680.0000,184194,60,4632960.0000,99,79,20,多开,B,4678.0000,4680.0000,15,11
DC,a2403,2024-01-26 21:00:03.472,4679.0000,184209,15,1309970.0000,28,21,7,多开,B,4677.0000,4679.0000,7,16
DC,a2403,2024-01-26 21:00:03.985,4677.0000,184174,-35,4208890.0000,90,27,63,空平,B,4675.0000,4677.0000,16,9
DC,a2403,2024-01-26 21:00:04.449,4677.0000,184166,-8,2852580.0000,61,26,35,空平,B,4674.0000,4677.0000,17,2
DC,a2403,2024-01-26 21:00:04.968,4676.0000,184153,-13,1870350.0000,40,13,27,空平,B,4675.0000,4677.0000,13,11
DC,a2403,2024-01-26 21:00:05.444,4675.0000,184159,6,888310.0000,19,12,7,空开,S,4675.0000,4677.0000,11,19
DC,a2403,2024-01-26 21:00:05.969,4676.0000,184160,1,1542880.0000,33,17,16,多开,B,4675.0000,4676.0000,2,2
DC,a2403,2024-01-26 21:00:06.485,4676.0000,184144,-16,2851950.0000,61,22,39,空平,B,4675.0000,4676.0000,2,9
DC,a2403,2024-01-26 21:00:06.984,4676.0000,184138,-6,1168860.0000,25,9,16,空平,B,4675.0000,4676.0000,6,8
DC,a2403,2024-01-26 21:00:07.456,4677.0000,184143,5,1402880.0000,30,17,13,多开,B,4676.0000,4677.0000,32,6
DC,a2403,2024-01-26 21:00:07.909,4677.0000,184151,8,3040590.0000,65,36,29,空开,S,4677.0000,4679.0000,60,18
DC,a2403,2024-01-26 21:00:08.476,4678.0000,184151,0,1684280.0000,36,18,18,多换,S,4678.0000,4680.0000,27,50
DC,a2403,2024-01-26 21:00:08.951,4680.0000,184184,33,2573800.0000,55,44,11,多开,B,4679.0000,4680.0000,3,11
DC,a2403,2024-01-26 21:00:09.482,4680.0000,184179,-5,1263570.0000,27,11,16,多平,S,4680.0000,4681.0000,5,13
DC,a2403,2024-01-26 21:00:09.984,4680.0000,184185,6,561610.0000,12,9,3,空开,S,4680.0000,4681.0000,43,18
DC,a2403,2024-01-26 21:00:10.462,4679.0000,184133,-52,3509730.0000,75,11,64,空平,B,4678.0000,4679.0000,17,11
DC,a2403,2024-01-26 21:00:10.957,4678.0000,184115,-18,1029180.0000,22,2,20,空平,B,4677.0000,4678.0000,25,6
DC,a2403,2024-01-26 21:00:11.463,4678.0000,184095,-20,1917860.0000,41,10,31,空平,B,4677.0000,4678.0000,14,10
DC,a2403,2024-01-26 21:00:11.957,4679.0000,184093,-2,2386430.0000,51,24,27,多平,S,4679.0000,4680.0000,30,7
DC,a2403,2024-01-26 21:00:12.448,4680.0000,184091,-2,701960.0000,15,6,9,空平,B,4679.0000,4680.0000,1,9
DC,a2403,2024-01-26 21:00:12.981,4680.0000,184072,-19,1497080.0000,32,6,26,空平,B,4678.0000,4680.0000,7,17
DC,a2403,2024-01-26 21:00:13.472,4677.0000,184074,2,748460.0000,16,9,7,空开,S,4677.0000,4678.0000,21,12
DC,a2403,2024-01-26 21:00:13.984,4678.0000,184071,-3,795200.0000,17,7,10,空平,B,4677.0000,4678.0000,19,14
DC,a2403,2024-01-26 21:00:14.468,4678.0000,184077,6,421000.0000,9,7,2,多开,B,4677.0000,4678.0000,31,16
DC,a2403,2024-01-26 21:00:14.919,4678.0000,184072,-5,1450040.0000,31,13,18,空平,B,4677.0000,4678.0000,13,14
DC,a2403,2024-01-26 21:00:15.457,4677.0000,184073,1,701550.0000,15,8,7,多开,B,4676.0000,4677.0000,22,16
DC,a2403,2024-01-26 21:00:15.900,4676.0000,184084,11,982040.0000,21,16,5,空开,S,4676.0000,4677.0000,14,16
DC,a2403,2024-01-26 21:00:16.380,4677.0000,184083,-1,608000.0000,13,6,7,空平,B,4676.0000,4677.0000,19,17
DC,a2403,2024-01-26 21:00:16.976,4676.0000,184082,-1,467620.0000,10,4,6,多平,S,4676.0000,4677.0000,30,22
DC,a2403,2024-01-26 21:00:17.478,4677.0000,184064,-18,2852600.0000,61,21,40,多平,S,4677.0000,4678.0000,3,31
DC,a2403,2024-01-26 21:00:17.974,4677.0000,184064,0,514440.0000,11,5,6,空换,B,4676.0000,4677.0000,27,7
DC,a2403,2024-01-26 21:00:18.470,4677.0000,184064,0,140310.0000,3,1,2,空换,B,4676.0000,4677.0000,35,7
DC,a2403,2024-01-26 21:00:18.920,4677.0000,184062,-2,467640.0000,10,4,6,空平,B,4676.0000,4677.0000,29,4
DC,a2403,2024-01-26 21:00:19.486,4678.0000,184038,-24,3133980.0000,67,21,46,多平,S,4678.0000,4679.0000,41,28
DC,a2403,2024-01-26 21:00:19.904,4678.0000,184037,-1,467830.0000,10,4,6,多平,S,4678.0000,4679.0000,41,24
DC,a2403,2024-01-26 21:00:20.453,4679.0000,184036,-1,280700.0000,6,2,4,空平,B,4678.0000,4679.0000,37,33
DC,a2403,2024-01-26 21:00:20.979,4677.0000,183991,-45,3087570.0000,66,10,56,多平,S,4677.0000,4678.0000,8,4
DC,a2403,2024-01-26 21:00:21.468,4678.0000,183993,2,888780.0000,19,10,9,多开,B,4677.0000,4678.0000,15,4
DC,a2403,2024-01-26 21:00:21.932,4677.0000,183999,6,888810.0000,19,12,7,空开,S,4678.0000,4679.0000,6,18
DC,a2403,2024-01-26 21:00:22.384,4679.0000,184004,5,327480.0000,7,6,1,多开,B,4678.0000,4679.0000,21,15
DC,a2403,2024-01-26 21:00:22.941,4679.0000,184011,7,561480.0000,12,9,3,空开,S,4679.0000,4680.0000,3,31
DC,a2403,2024-01-26 21:00:23.471,4680.0000,184005,-6,421190.0000,9,1,8,空平,B,4679.0000,4680.0000,14,22
DC,a2403,2024-01-26 21:00:23.962,4680.0000,183992,-13,1825260.0000,39,13,26,空平,B,4679.0000,4680.0000,17,24
DC,a2403,2024-01-26 21:00:24.481,4679.0000,183990,-2,327530.0000,7,2,5,空平,B,4678.0000,4679.0000,18,10
DC,a2403,2024-01-26 21:00:24.977,4678.0000,183994,4,514590.0000,11,7,4,空开,S,4678.0000,4679.0000,6,12
DC,a2403,2024-01-26 21:00:25.478,4679.0000,183991,-3,187150.0000,4,0,4,空平,B,4678.0000,4679.0000,25,4
DC,a2403,2024-01-26 21:00:25.852,4678.0000,183992,1,93570.0000,2,1,1,空开,S,4678.0000,4679.0000,24,1
DC,a2403,2024-01-26 21:00:26.346,4679.0000,183992,0,93570.0000,2,1,1,空换,B,4678.0000,4679.0000,23,7
DC,a2403,2024-01-26 21:00:26.876,4678.0000,183992,0,233940.0000,5,2,3,多换,S,4678.0000,4679.0000,19,16
DC,a2403,2024-01-26 21:00:27.445,4679.0000,183990,-2,514680.0000,11,4,7,空平,B,4678.0000,4679.0000,24,10
DC,a2403,2024-01-26 21:00:27.961,4678.0000,183987,-3,233930.0000,5,1,4,多平,S,4678.0000,4679.0000,23,9
DC,a2403,2024-01-26 21:00:28.451,4679.0000,183986,-1,46790.0000,1,0,1,双平,B,4678.0000,4679.0000,31,9
DC,a2403,2024-01-26 21:00:28.953,4679.0000,183991,5,608270.0000,13,9,4,空开,S,4679.0000,4680.0000,2,38
DC,a2403,2024-01-26 21:00:29.438,4680.0000,183993,2,187180.0000,4,3,1,多开,B,4679.0000,4680.0000,22,30
DC,a2403,2024-01-26 21:00:29.874,4680.0000,183997,4,327590.0000,7,5,2,多开,B,4679.0000,4680.0000,34,33
DC,a2403,2024-01-26 21:00:30.436,4680.0000,184023,26,1918770.0000,41,33,8,空开,S,4680.0000,4681.0000,27,10
DC,a2403,2024-01-26 21:00:30.944,4681.0000,184006,-17,2246470.0000,48,15,33,空平,B,4680.0000,4681.0000,1,24
DC,a2403,2024-01-26 21:00:31.474,4679.0000,184025,19,1591090.0000,34,26,8,空开,S,4679.0000,4680.0000,18,25
DC,a2403,2024-01-26 21:00:31.983,4680.0000,184034,9,935940.0000,20,14,6,多开,B,4679.0000,4680.0000,17,16
DC,a2403,2024-01-26 21:00:32.459,4680.0000,184051,17,795590.0000,17,17,0,双开,S,4680.0000,4681.0000,38,11
DC,a2403,2024-01-26 21:00:32.988,4682.0000,184063,12,795810.0000,17,14,3,多开,B,4681.0000,4682.0000,10,19
DC,a2403,2024-01-26 21:00:33.458,4682.0000,184079,16,1123650.0000,24,20,4,空开,S,4682.0000,4683.0000,12,22
DC,a2403,2024-01-26 21:00:33.956,4683.0000,184105,26,2013680.0000,43,34,9,空开,S,4683.0000,4684.0000,2,10
DC,a2403,2024-01-26 21:00:34.380,4683.0000,184109,4,562020.0000,12,8,4,空开,S,4683.0000,4684.0000,32,2
DC,a2403,2024-01-26 21:00:34.962,4684.0000,184109,0,93670.0000,2,1,1,空换,B,4683.0000,4684.0000,56,2
DC,a2403,2024-01-26 21:00:35.477,4683.0000,184107,-2,562000.0000,12,5,7,多平,S,4684.0000,4685.0000,4,23
DC,a2403,2024-01-26 21:00:35.923,4684.0000,184111,4,843180.0000,18,11,7,空开,S,4684.0000,4685.0000,20,17
DC,a2403,2024-01-26 21:00:36.455,4685.0000,184101,-10,1780020.0000,38,14,24,空平,B,4684.0000,4686.0000,10,19
DC,a2403,2024-01-26 21:00:36.982,4685.0000,184091,-10,1311810.0000,28,9,19,多平,S,4685.0000,4686.0000,11,25
DC,a2403,2024-01-26 21:00:37.463,4685.0000,184077,-14,1030680.0000,22,4,18,多平,S,4685.0000,4686.0000,6,21
DC,a2403,2024-01-26 21:00:37.780,4685.0000,184076,-1,468500.0000,10,4,6,空平,B,4684.0000,4686.0000,28,23
DC,a2403,2024-01-26 21:00:38.447,4684.0000,184076,0,140530.0000,3,1,2,多换,S,4684.0000,4685.0000,26,3
DC,a2403,2024-01-26 21:00:38.969,4684.0000,184083,7,1311520.0000,28,17,11,多开,B,4683.0000,4684.0000,18,21
DC,a2403,2024-01-26 21:00:39.476,4684.0000,184088,5,1077310.0000,23,14,9,多开,B,4683.0000,4684.0000,25,4
DC,a2403,2024-01-26 21:00:39.957,4684.0000,184090,2,140520.0000,3,2,1,空开,S,4684.0000,4685.0000,36,12
DC,a2403,2024-01-26 21:00:40.331,4685.0000,184089,-1,234240.0000,5,2,3,空平,B,4684.0000,4685.0000,22,8
DC,a2403,2024-01-26 21:00:40.739,4684.0000,184085,-4,327880.0000,7,1,6,多平,S,4684.0000,4685.0000,22,9
DC,a2403,2024-01-26 21:00:41.486,4684.0000,184085,0,421570.0000,9,4,5,多换,S,4684.0000,4685.0000,22,9
DC,a2403,2024-01-26 21:00:41.851,4685.0000,184095,10,2249080.0000,48,29,19,空开,S,4685.0000,4686.0000,14,6
DC,a2403,2024-01-26 21:00:42.397,4685.0000,184101,6,890160.0000,19,12,7,多开,B,4684.0000,4685.0000,30,2
DC,a2403,2024-01-26 21:00:42.865,4685.0000,184114,13,1030830.0000,22,17,5,空开,S,4685.0000,4686.0000,11,16
DC,a2403,2024-01-26 21:00:43.483,4685.0000,184106,-8,1358650.0000,29,10,19,多平,S,4685.0000,4686.0000,1,12
DC,a2403,2024-01-26 21:00:43.924,4686.0000,184106,0,46860.0000,1,0,1,空换,B,4685.0000,4686.0000,17,17
DC,a2403,2024-01-26 21:00:44.425,4685.0000,184081,-25,2577220.0000,55,15,40,多平,S,4685.0000,4687.0000,17,8
DC,a2403,2024-01-26 21:00:44.969,4686.0000,184081,0,468670.0000,10,5,5,多换,S,4686.0000,4687.0000,13,7
DC,a2403,2024-01-26 21:00:45.398,4687.0000,184091,10,656190.0000,14,12,2,空开,S,4687.0000,4688.0000,6,37
DC,a2403,2024-01-26 21:00:45.910,4688.0000,184086,-5,1453280.0000,31,13,18,多平,S,4688.0000,4689.0000,2,47
DC,a2403,2024-01-26 21:00:46.331,4687.0000,184076,-10,3843250.0000,82,36,46,多平,S,4687.0000,4688.0000,11,5
DC,a2403,2024-01-26 21:00:46.939,4687.0000,184075,-1,421830.0000,9,4,5,空平,B,4686.0000,4687.0000,13,2
DC,a2403,2024-01-26 21:00:47.391,4688.0000,184076,1,93750.0000,2,1,1,多开,B,4687.0000,4688.0000,8,19
DC,a2403,2024-01-26 21:00:47.930,4688.0000,184077,1,234370.0000,5,3,2,多开,B,4687.0000,4688.0000,8,16
DC,a2403,2024-01-26 21:00:48.441,4688.0000,184069,-8,468790.0000,10,1,9,空平,B,4687.0000,4688.0000,18,13
DC,a2403,2024-01-26 21:00:48.980,4688.0000,184060,-9,843840.0000,18,4,14,空平,B,4687.0000,4689.0000,18,56
DC,a2403,2024-01-26 21:00:49.458,4688.0000,184058,-2,421880.0000,9,3,6,空平,B,4687.0000,4688.0000,15,12
DC,a2403,2024-01-26 21:00:49.958,4688.0000,184064,6,1031220.0000,22,14,8,多开,B,4686.0000,4688.0000,29,14
DC,a2403,2024-01-26 21:00:50.280,4686.0000,184066,2,187450.0000,4,3,1,空开,S,4686.0000,4687.0000,26,3
DC,a2403,2024-01-26 21:00:50.877,4686.0000,184068,2,1405800.0000,30,16,14,多开,B,4685.0000,4686.0000,22,6
DC,a2403,2024-01-26 21:00:51.308,4686.0000,184057,-11,983920.0000,21,5,16,空平,B,4684.0000,4686.0000,21,17
DC,a2403,2024-01-26 21:00:51.946,4685.0000,184064,7,1264810.0000,27,17,10,多开,B,4684.0000,4685.0000,1,26
DC,a2403,2024-01-26 21:00:52.393,4684.0000,184066,2,234200.0000,5,3,2,多开,B,4683.0000,4684.0000,7,14
DC,a2403,2024-01-26 21:00:52.871,4684.0000,184067,1,46840.0000,1,1,0,双开,B,4683.0000,4684.0000,6,14
DC,a2403,2024-01-26 21:00:53.383,4683.0000,184063,-4,374660.0000,8,2,6,多平,S,4683.0000,4684.0000,1,20
DC,a2403,2024-01-26 21:00:53.948,4682.0000,184066,3,280960.0000,6,4,2,空开,S,4682.0000,4683.0000,16,15
DC,a2403,2024-01-26 21:00:54.467,4685.0000,184016,-50,3841080.0000,82,16,66,多平,S,4685.0000,4686.0000,18,119
DC,a2403,2024-01-26 21:00:54.970,4685.0000,184021,5,1827150.0000,39,22,17,空开,S,4685.0000,4686.0000,1,117
DC,a2403,2024-01-26 21:00:55.472,4686.0000,184023,2,468500.0000,10,6,4,多开,B,4684.0000,4686.0000,20,115
DC,a2403,2024-01-26 21:00:55.983,4684.0000,184024,1,140530.0000,3,2,1,空开,S,4684.0000,4686.0000,19,117
DC,a2403,2024-01-26 21:00:56.333,4684.0000,184021,-3,281060.0000,6,1,5,多平,S,4684.0000,4686.0000,17,118
DC,a2403,2024-01-26 21:00:56.881,4684.0000,184025,4,281050.0000,6,5,1,空开,S,4684.0000,4685.0000,9,1
DC,a2403,2024-01-26 21:00:57.280,4685.0000,184025,0,46850.0000,1,0,1,空换,B,4684.0000,4685.0000,7,4
DC,a2403,2024-01-26 21:00:57.893,4685.0000,184025,0,46850.0000,1,0,1,空换,B,4684.0000,4685.0000,21,11
DC,a2403,2024-01-26 21:00:58.487,4685.0000,184024,-1,655900.0000,14,6,8,多平,S,4685.0000,4686.0000,9,120
DC,a2403,2024-01-26 21:00:58.940,4686.0000,184003,-21,3467640.0000,74,26,48,空平,B,4685.0000,4686.0000,24,49
DC,a2403,2024-01-26 21:00:59.477,4686.0000,183985,-18,2436710.0000,52,17,35,多平,S,4686.0000,4687.0000,4,29
DC,a2403,2024-01-26 21:00:59.955,4685.0000,184008,23,1920850.0000,41,32,9,多开,B,4684.0000,4685.0000,18,3
DC,a2403,2024-01-26 21:01:00.468,4684.0000,184023,15,1873690.0000,40,27,13,多开,B,4683.0000,4684.0000,21,3
DC,a2403,2024-01-26 21:01:00.915,4684.0000,184009,-14,1592340.0000,34,10,24,空平,B,4683.0000,4684.0000,10,26
DC,a2403,2024-01-26 21:01:01.448,4683.0000,184015,6,1077120.0000,23,14,9,空开,S,4683.0000,4684.0000,9,33
DC,a2403,2024-01-26 21:01:01.831,4683.0000,184009,-6,561980.0000,12,3,9,空平,B,4682.0000,4684.0000,19,55
DC,a2403,2024-01-26 21:01:02.446,4683.0000,184013,4,187320.0000,4,4,0,双开,B,4682.0000,4683.0000,31,10
DC,a2403,2024-01-26 21:01:02.987,4682.0000,184014,1,46820.0000,1,1,0,双开,S,4682.0000,4683.0000,52,6
DC,a2403,2024-01-26 21:01:03.326,4683.0000,184022,8,1123920.0000,24,16,8,空开,S,4683.0000,4684.0000,28,34
DC,a2403,2024-01-26 21:01:03.959,4684.0000,184023,1,1826760.0000,39,20,19,空开,S,4684.0000,4685.0000,13,23
DC,a2403,2024-01-26 21:01:04.316,4684.0000,184021,-2,187380.0000,4,1,3,多平,S,4684.0000,4685.0000,33,19
DC,a2403,2024-01-26 21:01:04.955,4685.0000,184016,-5,796440.0000,17,6,11,空平,B,4684.0000,4686.0000,37,49
DC,a2403,2024-01-26 21:01:05.434,4685.0000,184019,3,234250.0000,5,4,1,空开,S,4685.0000,4686.0000,9,49
DC,a2403,2024-01-26 21:01:05.985,4684.0000,183986,-33,2951220.0000,63,15,48,空平,B,4683.0000,4684.0000,30,43
DC,a2403,2024-01-26 21:01:06.452,4683.0000,183985,-1,327830.0000,7,3,4,多平,S,4683.0000,4684.0000,11,52
DC,a2403,2024-01-26 21:01:06.986,4683.0000,183985,0,515130.0000,11,5,6,空换,B,4682.0000,4683.0000,49,15
DC,a2403,2024-01-26 21:01:07.344,4683.0000,183982,-3,234150.0000,5,1,4,空平,B,4682.0000,4683.0000,48,23
DC,a2403,2024-01-26 21:01:07.963,4682.0000,183984,2,327780.0000,7,4,3,空开,S,4682.0000,4683.0000,43,26
DC,a2403,2024-01-26 21:01:08.435,4683.0000,183978,-6,1685540.0000,36,15,21,空平,B,4682.0000,4683.0000,12,27
DC,a2403,2024-01-26 21:01:08.861,4682.0000,183977,-1,1030040.0000,22,10,12,空平,B,4681.0000,4682.0000,18,19
DC,a2403,2024-01-26 21:01:09.427,4681.0000,183980,3,140440.0000,3,3,0,双开,S,4681.0000,4682.0000,23,24
DC,a2403,2024-01-26 21:01:09.961,4682.0000,183980,0,140460.0000,3,1,2,空换,B,4681.0000,4682.0000,23,35
DC,a2403,2024-01-26 21:01:10.459,4683.0000,184003,23,2106930.0000,45,34,11,多开,B,4681.0000,4683.0000,30,20
DC,a2403,2024-01-26 21:01:10.911,4681.0000,183990,-13,1076670.0000,23,5,18,多平,S,4681.0000,4682.0000,19,18
DC,a2403,2024-01-26 21:01:11.414,4682.0000,183996,6,608650.0000,13,9,4,多开,B,4681.0000,4682.0000,19,9
DC,a2403,2024-01-26 21:01:11.832,4681.0000,183998,2,187260.0000,4,3,1,空开,S,4681.0000,4682.0000,20,10
DC,a2403,2024-01-26 21:01:12.437,4682.0000,184002,4,327740.0000,7,5,2,多开,B,4681.0000,4682.0000,23,3
DC,a2403,2024-01-26 21:01:12.984,4682.0000,184004,2,749170.0000,16,9,7,空开,S,4682.0000,4683.0000,2,24
DC,a2403,2024-01-26 21:01:13.410,4682.0000,184021,17,2388380.0000,51,34,17,多开,B,4681.0000,4684.0000,24,76
DC,a2403,2024-01-26 21:01:13.985,4682.0000,184043,22,1404610.0000,30,26,4,多开,B,4681.0000,4683.0000,25,21
DC,a2403,2024-01-26 21:01:14.485,4682.0000,184043,0,46820.0000,1,0,1,多换,S,4682.0000,4683.0000,15,22
DC,a2403,2024-01-26 21:01:14.939,4681.0000,184060,17,1591830.0000,34,25,9,空开,S,4681.0000,4682.0000,20,2
DC,a2403,2024-01-26 21:01:15.383,4682.0000,184061,1,234070.0000,5,3,2,多开,B,4681.0000,4683.0000,29,39
DC,a2403,2024-01-26 21:01:15.806,4682.0000,184060,-1,46820.0000,1,0,1,双平,B,4681.0000,4683.0000,31,41
DC,a2403,2024-01-26 21:01:16.853,4682.0000,184091,31,2154110.0000,46,38,8,空开,S,4682.0000,4683.0000,19,20
DC,a2403,2024-01-26 21:01:17.488,4682.0000,184089,-2,187280.0000,4,1,3,多平,S,4682.0000,4683.0000,8,26
DC,a2403,2024-01-26 21:01:17.882,4681.0000,184086,-3,655430.0000,14,5,9,多平,S,4681.0000,4683.0000,28,27
DC,a2403,2024-01-26 21:01:18.407,4683.0000,184095,9,1358040.0000,29,19,10,空开,S,4683.0000,4684.0000,3,96
DC,a2403,2024-01-26 21:01:18.979,4681.0000,184116,21,1591970.0000,34,27,7,空开,S,4681.0000,4683.0000,33,13
DC,a2403,2024-01-26 21:01:19.433,4683.0000,184116,0,280930.0000,6,3,3,空换,B,4682.0000,4683.0000,4,26
DC,a2403,2024-01-26 21:01:19.967,4682.0000,184117,1,468200.0000,10,5,5,多开,B,4681.0000,4682.0000,30,6
DC,a2403,2024-01-26 21:01:20.420,4682.0000,184117,0,46820.0000,1,0,1,空换,B,4681.0000,4682.0000,30,9
DC,a2403,2024-01-26 21:01:20.851,4683.0000,184123,6,1638640.0000,35,20,15,多开,B,4681.0000,4682.0000,26,1
DC,a2403,2024-01-26 21:01:21.332,4682.0000,184122,-1,280920.0000,6,2,4,多平,S,4682.0000,4683.0000,7,33
DC,a2403,2024-01-26 21:01:21.907,4682.0000,184124,2,374560.0000,8,5,3,多开,B,4681.0000,4683.0000,26,36
DC,a2403,2024-01-26 21:01:22.461,4681.0000,184122,-2,187300.0000,4,1,3,多平,S,4681.0000,4683.0000,27,42
DC,a2403,2024-01-26 21:01:22.800,4682.0000,184116,-6,608720.0000,13,3,10,空平,B,4681.0000,4683.0000,25,38
DC,a2403,2024-01-26 21:01:23.411,4681.0000,184116,0,93640.0000,2,1,1,多换,S,4681.0000,4683.0000,26,37
DC,a2403,2024-01-26 21:01:23.884,4681.0000,184111,-5,421340.0000,9,2,7,多平,S,4681.0000,4682.0000,28,1
DC,a2403,2024-01-26 21:01:24.242,4681.0000,184111,0,93630.0000,2,1,1,多换,S,4681.0000,4683.0000,27,47
DC,a2403,2024-01-26 21:01:24.948,4682.0000,184127,16,3090620.0000,66,41,25,空开,S,4682.0000,4683.0000,14,7
DC,a2403,2024-01-26 21:01:25.438,4682.0000,184127,0,46820.0000,1,0,1,多换,S,4682.0000,4683.0000,32,22
DC,a2403,2024-01-26 21:01:25.741,4682.0000,184126,-1,374560.0000,8,3,5,多平,S,4682.0000,4683.0000,17,27
DC,a2403,2024-01-26 21:01:26.319,4682.0000,184123,-3,140460.0000,3,0,3,双平,S,4682.0000,4683.0000,18,29
DC,a2403,2024-01-26 21:01:26.972,4682.0000,184115,-8,1076880.0000,23,7,16,空平,B,4681.0000,4682.0000,26,85
DC,a2403,2024-01-26 21:01:27.454,4681.0000,184114,-1,1123440.0000,24,11,13,空平,B,4680.0000,4681.0000,105,2
DC,a2403,2024-01-26 21:01:27.836,4682.0000,184106,-8,514980.0000,11,1,10,空平,B,4680.0000,4681.0000,117,4
DC,a2403,2024-01-26 21:01:28.460,4682.0000,184107,1,1966420.0000,42,21,21,多开,B,4680.0000,4682.0000,122,63
DC,a2403,2024-01-26 21:01:28.984,4681.0000,184112,5,234050.0000,5,5,0,双开,S,4681.0000,4682.0000,1,65
DC,a2403,2024-01-26 21:01:29.913,4681.0000,184107,-5,608570.0000,13,4,9,空平,B,4680.0000,4681.0000,124,8
DC,a2403,2024-01-26 21:01:30.239,4682.0000,184104,-3,561730.0000,12,4,8,空平,B,4681.0000,4682.0000,12,74
DC,a2403,2024-01-26 21:01:30.895,4681.0000,184103,-1,2153580.0000,46,22,24,多平,S,4681.0000,4682.0000,8,42
DC,a2403,2024-01-26 21:01:31.427,4682.0000,184101,-2,140440.0000,3,0,3,空平,B,4681.0000,4682.0000,37,51
DC,a2403,2024-01-26 21:01:31.882,4682.0000,184098,-3,140460.0000,3,0,3,双平,B,4681.0000,4682.0000,38,50
DC,a2403,2024-01-26 21:01:32.459,4682.0000,184121,23,2341000.0000,50,36,14,空开,S,4682.0000,4683.0000,26,63
DC,a2403,2024-01-26 21:01:32.848,4682.0000,184122,1,93640.0000,2,1,1,空开,S,4682.0000,4683.0000,40,29
DC,a2403,2024-01-26 21:01:33.422,4683.0000,184124,2,1826150.0000,39,20,19,多开,B,4682.0000,4684.0000,31,74
DC,a2403,2024-01-26 21:01:33.945,4682.0000,184117,-7,3559000.0000,76,34,42,空平,B,4681.0000,4682.0000,15,54
DC,a2403,2024-01-26 21:01:34.239,4680.0000,184126,9,2200320.0000,47,28,19,空开,S,4681.0000,4682.0000,14,35
DC,a2403,2024-01-26 21:01:34.852,4681.0000,184130,4,234050.0000,5,4,1,空开,S,4681.0000,4682.0000,28,32
DC,a2403,2024-01-26 21:01:35.424,4682.0000,184133,3,1498240.0000,32,17,15,空开,S,4682.0000,4683.0000,27,19
DC,a2403,2024-01-26 21:01:35.741,4683.0000,184130,-3,796100.0000,17,7,10,空平,B,4682.0000,4684.0000,42,29
DC,a2403,2024-01-26 21:01:36.479,4683.0000,184130,0,46830.0000,1,0,1,多换,S,4683.0000,4684.0000,7,32
DC,a2403,2024-01-26 21:01:36.783,4683.0000,184130,0,93670.0000,2,1,1,多换,S,4683.0000,4684.0000,10,28
DC,a2403,2024-01-26 21:01:37.429,4684.0000,184132,2,187360.0000,4,3,1,多开,B,4683.0000,4684.0000,17,21
DC,a2403,2024-01-26 21:01:37.855,4683.0000,184124,-8,1779540.0000,38,15,23,空平,B,4682.0000,4683.0000,14,64
DC,a2403,2024-01-26 21:01:38.319,4682.0000,184137,13,655480.0000,14,13,1,多开,B,4681.0000,4682.0000,39,3
DC,a2403,2024-01-26 21:01:38.768,4682.0000,184134,-3,140460.0000,3,0,3,双平,B,4681.0000,4682.0000,37,11
DC,a2403,2024-01-26 21:01:39.446,4682.0000,184133,-1,46820.0000,1,0,1,双平,B,4681.0000,4682.0000,38,3
DC,a2403,2024-01-26 21:01:39.853,4682.0000,184133,0,655480.0000,14,7,7,空换,B,4681.0000,4683.0000,39,80
DC,a2403,2024-01-26 21:01:40.359,4683.0000,184132,-1,46830.0000,1,0,1,双平,B,4681.0000,4682.0000,40,4
DC,a2403,2024-01-26 21:01:40.937,4682.0000,184132,0,421320.0000,9,4,5,空换,B,4681.0000,4682.0000,34,9
DC,a2403,2024-01-26 21:01:41.424,4682.0000,184133,1,140450.0000,3,2,1,多开,B,4681.0000,4682.0000,43,12
DC,a2403,2024-01-26 21:01:41.907,4682.0000,184165,32,4823300.0000,103,67,36,空开,S,4682.0000,4684.0000,104,35
DC,a2403,2024-01-26 21:01:42.410,4682.0000,184166,1,46820.0000,1,1,0,双开,S,4683.0000,4684.0000,2,41
DC,a2403,2024-01-26 21:01:42.816,4683.0000,184168,2,93660.0000,2,2,0,双开,S,4683.0000,4684.0000,7,42
DC,a2403,2024-01-26 21:01:43.955,4683.0000,184168,0,655750.0000,14,7,7,多换,S,4683.0000,4684.0000,18,23
DC,a2403,2024-01-26 21:01:44.278,4684.0000,184167,-1,93680.0000,2,0,2,空平,B,4683.0000,4684.0000,21,21
DC,a2403,2024-01-26 21:01:44.832,4683.0000,184162,-5,1264420.0000,27,11,16,空平,B,4682.0000,4683.0000,109,81
DC,a2403,2024-01-26 21:01:45.949,4683.0000,184161,-1,46830.0000,1,0,1,双平,B,4682.0000,4683.0000,112,86
DC,a2403,2024-01-26 21:01:46.434,4683.0000,184147,-14,655620.0000,14,0,14,双平,B,4682.0000,4683.0000,102,71
DC,a2403,2024-01-26 21:01:46.936,4683.0000,184146,-1,46830.0000,1,0,1,双平,B,4682.0000,4683.0000,102,75
DC,a2403,2024-01-26 21:01:47.486,4683.0000,184135,-11,889760.0000,19,4,15,空平,B,4682.0000,4683.0000,101,57
DC,a2403,2024-01-26 21:01:47.905,4683.0000,184129,-6,468300.0000,10,2,8,空平,B,4682.0000,4683.0000,105,45
DC,a2403,2024-01-26 21:01:48.219,4682.0000,184136,7,655550.0000,14,10,4,空开,S,4682.0000,4683.0000,97,38
DC,a2403,2024-01-26 21:01:48.831,4682.0000,184135,-1,140480.0000,3,1,2,多平,S,4682.0000,4683.0000,98,39
DC,a2403,2024-01-26 21:01:49.905,4683.0000,184135,0,93650.0000,2,1,1,空换,B,4682.0000,4683.0000,100,47
DC,a2403,2024-01-26 21:01:50.453,4683.0000,184136,1,795980.0000,17,9,8,多开,B,4682.0000,4683.0000,96,43
DC,a2403,2024-01-26 21:01:51.482,4683.0000,184135,-1,234130.0000,5,2,3,空平,B,4682.0000,4683.0000,104,45
DC,a2403,2024-01-26 21:01:51.816,4683.0000,184135,0,93660.0000,2,1,1,空换,B,4682.0000,4683.0000,105,44
DC,a2403,2024-01-26 21:01:52.474,4682.0000,184136,1,46820.0000,1,1,0,双开,S,4682.0000,4683.0000,104,46
DC,a2403,2024-01-26 21:01:52.849,4683.0000,184134,-2,93660.0000,2,0,2,双平,B,4682.0000,4683.0000,104,53
DC,a2403,2024-01-26 21:01:53.282,4682.0000,184136,2,93640.0000,2,2,0,双开,S,4682.0000,4683.0000,101,52
DC,a2403,2024-01-26 21:01:53.932,4682.0000,184129,-7,515030.0000,11,2,9,多平,S,4682.0000,4683.0000,91,59
DC,a2403,2024-01-26 21:01:54.361,4682.0000,184123,-6,280920.0000,6,0,6,双平,S,4682.0000,4683.0000,85,59
DC,a2403,2024-01-26 21:01:54.868,4683.0000,184123,0,46830.0000,1,0,1,空换,B,4682.0000,4683.0000,106,73
DC,a2403,2024-01-26 21:01:55.294,4683.0000,184116,-7,1077090.0000,23,8,15,空平,B,4682.0000,4683.0000,107,52
DC,a2403,2024-01-26 21:01:55.864,4682.0000,184107,-9,655610.0000,14,2,12,多平,S,4682.0000,4683.0000,106,32
DC,a2403,2024-01-26 21:01:56.425,4683.0000,184095,-12,655520.0000,14,1,13,空平,B,4682.0000,4683.0000,95,31
DC,a2403,2024-01-26 21:01:56.893,4683.0000,184094,-1,234130.0000,5,2,3,空平,B,4682.0000,4683.0000,106,31
DC,a2403,2024-01-26 21:01:57.283,4683.0000,184094,0,608780.0000,13,6,7,空换,B,4682.0000,4683.0000,110,16
DC,a2403,2024-01-26 21:01:57.955,4683.0000,184094,0,46830.0000,1,0,1,空换,B,4682.0000,4683.0000,110,17
DC,a2403,2024-01-26 21:01:58.752,4683.0000,184097,3,140490.0000,3,3,0,双开,B,4682.0000,4683.0000,90,17
DC,a2403,2024-01-26 21:01:59.428,4683.0000,184097,0,187290.0000,4,2,2,空换,B,4682.0000,4683.0000,89,16
DC,a2403,2024-01-26 21:01:59.981,4683.0000,184112,15,1310970.0000,28,21,7,多开,B,4682.0000,4683.0000,66,29
DC,a2403,2024-01-26 21:02:00.361,4682.0000,184106,-6,2481490.0000,53,23,30,多平,S,4682.0000,4683.0000,17,39
DC,a2403,2024-01-26 21:02:00.939,4682.0000,184106,0,1451430.0000,31,15,16,空换,B,4681.0000,4683.0000,28,41
DC,a2403,2024-01-26 21:02:01.441,4682.0000,184110,4,187280.0000,4,4,0,双开,S,4682.0000,4683.0000,19,41
DC,a2403,2024-01-26 21:02:01.889,4682.0000,184110,0,187280.0000,4,2,2,多换,S,4682.0000,4683.0000,15,43
DC,a2403,2024-01-26 21:02:02.284,4683.0000,184108,-2,421440.0000,9,3,6,空平,B,4682.0000,4683.0000,20,38
DC,a2403,2024-01-26 21:02:02.849,4682.0000,184080,-28,1919700.0000,41,6,35,多平,S,4682.0000,4683.0000,2,37
DC,a2403,2024-01-26 21:02:03.248,4681.0000,184084,4,327700.0000,7,5,2,空开,S,4681.0000,4682.0000,31,12
DC,a2403,2024-01-26 21:02:03.572,4682.0000,184084,0,46820.0000,1,0,1,空换,B,4681.0000,4682.0000,23,18
DC,a2403,2024-01-26 21:02:04.401,4682.0000,184083,-1,46820.0000,1,0,1,双平,B,4681.0000,4682.0000,19,22
DC,a2403,2024-01-26 21:02:04.974,4682.0000,184083,0,140460.0000,3,1,2,空换,B,4681.0000,4682.0000,19,26
DC,a2403,2024-01-26 21:02:05.274,4681.0000,184084,1,46810.0000,1,1,0,双开,S,4681.0000,4682.0000,23,26
DC,a2403,2024-01-26 21:02:05.617,4681.0000,184085,1,140440.0000,3,2,1,空开,S,4681.0000,4682.0000,22,26
DC,a2403,2024-01-26 21:02:06.440,4682.0000,184069,-16,1123500.0000,24,4,20,空平,B,4680.0000,4682.0000,122,34
DC,a2403,2024-01-26 21:02:06.963,4682.0000,184068,-1,46820.0000,1,0,1,双平,B,4680.0000,4681.0000,123,4
DC,a2403,2024-01-26 21:02:07.375,4681.0000,184071,3,280820.0000,6,4,2,多开,B,4680.0000,4681.0000,123,11
DC,a2403,2024-01-26 21:02:07.849,4680.0000,184071,0,234000.0000,5,2,3,多换,S,4680.0000,4681.0000,116,20
DC,a2403,2024-01-26 21:02:08.439,4680.0000,184072,1,140410.0000,3,2,1,空开,S,4680.0000,4681.0000,114,21
DC,a2403,2024-01-26 21:02:08.919,4681.0000,184071,-1,187240.0000,4,1,3,空平,B,4680.0000,4681.0000,115,18
DC,a2403,2024-01-26 21:02:09.426,4680.0000,184066,-5,561660.0000,12,3,9,多平,S,4680.0000,4681.0000,110,22
DC,a2403,2024-01-26 21:02:09.967,4680.0000,184082,16,1076450.0000,23,19,4,空开,S,4680.0000,4681.0000,96,18
DC,a2403,2024-01-26 21:02:10.429,4681.0000,184083,1,46810.0000,1,1,0,双开,B,4680.0000,4681.0000,99,31
DC,a2403,2024-01-26 21:02:10.881,4680.0000,184086,3,374430.0000,8,5,3,空开,S,4680.0000,4681.0000,94,31
DC,a2403,2024-01-26 21:02:11.958,4680.0000,184086,0,93600.0000,2,1,1,多换,S,4680.0000,4681.0000,108,34
DC,a2403,2024-01-26 21:02:12.430,4680.0000,184089,3,374400.0000,8,5,3,空开,S,4680.0000,4681.0000,101,35
DC,a2403,2024-01-26 21:02:12.849,4680.0000,184089,0,93610.0000,2,1,1,多换,S,4680.0000,4681.0000,100,42
DC,a2403,2024-01-26 21:02:13.361,4680.0000,184107,18,889200.0000,19,18,1,空开,S,4680.0000,4681.0000,80,43
DC,a2403,2024-01-26 21:02:13.982,4679.0000,184150,43,5288140.0000,113,78,35,多开,B,4678.0000,4679.0000,34,31
DC,a2403,2024-01-26 21:02:14.350,4679.0000,184151,1,140360.0000,3,2,1,多开,B,4678.0000,4679.0000,25,28
DC,a2403,2024-01-26 21:02:14.963,4678.0000,184162,11,701750.0000,15,13,2,空开,S,4678.0000,4679.0000,15,15
DC,a2403,2024-01-26 21:02:15.434,4678.0000,184152,-10,748480.0000,16,3,13,空平,B,4677.0000,4678.0000,26,4
DC,a2403,2024-01-26 21:02:15.985,4678.0000,184151,-1,233890.0000,5,2,3,空平,B,4677.0000,4678.0000,23,12
DC,a2403,2024-01-26 21:02:17.467,4678.0000,184154,3,187110.0000,4,3,1,多开,B,4677.0000,4678.0000,23,15
DC,a2403,2024-01-26 21:02:17.888,4678.0000,184154,0,46780.0000,1,0,1,空换,B,4677.0000,4678.0000,24,15
DC,a2403,2024-01-26 21:02:18.239,4677.0000,184154,0,280640.0000,6,3,3,多换,S,4677.0000,4678.0000,19,26
DC,a2403,2024-01-26 21:02:18.881,4677.0000,184156,2,374190.0000,8,5,3,空开,S,4677.0000,4678.0000,15,12
DC,a2403,2024-01-26 21:02:19.487,4678.0000,184156,0,93560.0000,2,1,1,空换,B,4677.0000,4678.0000,35,11
DC,a2403,2024-01-26 21:02:19.966,4678.0000,184165,9,561360.0000,12,10,2,空开,S,4678.0000,4679.0000,66,12
DC,a2403,2024-01-26 21:02:20.426,4679.0000,184170,5,374270.0000,8,6,2,多开,B,4678.0000,4679.0000,63,11
DC,a2403,2024-01-26 21:02:21.459,4679.0000,184172,2,701850.0000,15,8,7,空开,S,4679.0000,4680.0000,14,22
DC,a2403,2024-01-26 21:02:21.932,4681.0000,184173,1,561610.0000,12,6,6,多开,B,4680.0000,4681.0000,1,39
DC,a2403,2024-01-26 21:02:22.439,4680.0000,184165,-8,2995200.0000,64,28,36,空平,B,4679.0000,4680.0000,11,33
DC,a2403,2024-01-26 21:02:22.933,4680.0000,184174,9,1029520.0000,22,15,7,多开,B,4679.0000,4680.0000,9,17
DC,a2403,2024-01-26 21:02:23.430,4679.0000,184176,2,701850.0000,15,8,7,多开,B,4678.0000,4680.0000,33,24
DC,a2403,2024-01-26 21:02:23.971,4680.0000,184173,-3,187200.0000,4,0,4,空平,B,4678.0000,4679.0000,39,5
DC,a2403,2024-01-26 21:02:24.239,4679.0000,184173,0,46790.0000,1,0,1,空换,B,4678.0000,4679.0000,28,4
DC,a2403,2024-01-26 21:02:24.959,4679.0000,184177,4,233950.0000,5,4,1,空开,S,4679.0000,4680.0000,46,21
DC,a2403,2024-01-26 21:02:25.440,4680.0000,184180,3,140400.0000,3,3,0,双开,B,4679.0000,4680.0000,52,4
DC,a2403,2024-01-26 21:02:25.836,4680.0000,184180,0,187200.0000,4,2,2,空换,B,4679.0000,4681.0000,53,40
DC,a2403,2024-01-26 21:02:26.415,4680.0000,184180,0,46800.0000,1,0,1,空换,B,4679.0000,4680.0000,31,1
DC,a2403,2024-01-26 21:02:26.940,4680.0000,184180,0,140400.0000,3,1,2,多换,S,4680.0000,4681.0000,4,41
DC,a2403,2024-01-26 21:02:27.470,4679.0000,184195,15,1029400.0000,22,18,4,空开,S,4679.0000,4680.0000,9,13
DC,a2403,2024-01-26 21:02:27.981,4679.0000,184205,10,1076210.0000,23,16,7,多开,B,4678.0000,4679.0000,76,1
DC,a2403,2024-01-26 21:02:28.239,4678.0000,184207,2,93560.0000,2,2,0,双开,S,4678.0000,4679.0000,73,15
DC,a2403,2024-01-26 21:02:28.869,4679.0000,184206,-1,233950.0000,5,2,3,空平,B,4678.0000,4679.0000,73,6
DC,a2403,2024-01-26 21:02:29.298,4679.0000,184203,-3,140370.0000,3,0,3,双平,B,4678.0000,4679.0000,71,6
DC,a2403,2024-01-26 21:02:29.940,4679.0000,184205,2,280740.0000,6,4,2,多开,B,4678.0000,4679.0000,74,13
DC,a2403,2024-01-26 21:02:30.450,4678.0000,184208,3,842110.0000,18,10,8,空开,S,4678.0000,4679.0000,64,6
DC,a2403,2024-01-26 21:02:30.964,4679.0000,184210,2,93580.0000,2,2,0,双开,B,4678.0000,4679.0000,66,11
DC,a2403,2024-01-26 21:02:31.387,4679.0000,184216,6,655060.0000,14,10,4,空开,S,4679.0000,4680.0000,10,30
DC,a2403,2024-01-26 21:02:31.983,4679.0000,184216,0,93590.0000,2,1,1,多换,S,4679.0000,4680.0000,13,24
DC,a2403,2024-01-26 21:02:32.830,4680.0000,184215,-1,46800.0000,1,0,1,双平,B,4679.0000,4680.0000,21,27
DC,a2403,2024-01-26 21:02:33.390,4680.0000,184215,0,93600.0000,2,1,1,空换,B,4679.0000,4680.0000,17,27
DC,a2403,2024-01-26 21:02:33.979,4679.0000,184214,-1,327590.0000,7,3,4,多平,S,4679.0000,4680.0000,20,17
DC,a2403,2024-01-26 21:02:35.483,4680.0000,184217,3,702000.0000,15,9,6,空开,S,4680.0000,4681.0000,8,39
DC,a2403,2024-01-26 21:02:35.893,4681.0000,184217,0,46810.0000,1,0,1,空换,B,4680.0000,4681.0000,11,46
DC,a2403,2024-01-26 21:02:36.739,4681.0000,184217,0,140430.0000,3,1,2,空换,B,4680.0000,4681.0000,37,31
DC,a2403,2024-01-26 21:02:37.245,4681.0000,184216,-1,46810.0000,1,0,1,双平,B,4680.0000,4681.0000,39,30
DC,a2403,2024-01-26 21:02:37.988,4681.0000,184217,1,468020.0000,10,5,5,多开,B,4680.0000,4681.0000,32,31
DC,a2403,2024-01-26 21:02:38.433,4681.0000,184218,1,93620.0000,2,1,1,多开,B,4680.0000,4681.0000,33,30
DC,a2403,2024-01-26 21:02:38.871,4680.0000,184220,2,140410.0000,3,2,1,空开,S,4680.0000,4681.0000,33,29
DC,a2403,2024-01-26 21:02:39.368,4681.0000,184220,0,46810.0000,1,0,1,空换,B,4680.0000,4681.0000,35,28
DC,a2403,2024-01-26 21:02:39.952,4681.0000,184230,10,468100.0000,10,10,0,双开,B,4680.0000,4681.0000,39,18
DC,a2403,2024-01-26 21:02:40.157,4681.0000,184231,1,46810.0000,1,1,0,双开,B,4680.0000,4681.0000,39,17
DC,a2403,2024-01-26 21:02:41.445,4680.0000,184231,0,46800.0000,1,0,1,多换,S,4680.0000,4681.0000,53,20
DC,a2403,2024-01-26 21:02:41.850,4680.0000,184236,5,468090.0000,10,7,3,空开,S,4680.0000,4681.0000,74,11
DC,a2403,2024-01-26 21:02:42.344,4680.0000,184240,4,234020.0000,5,4,1,空开,S,4680.0000,4681.0000,68,9
DC,a2403,2024-01-26 21:02:42.920,4680.0000,184247,7,374430.0000,8,7,1,空开,S,4680.0000,4681.0000,65,6
DC,a2403,2024-01-26 21:02:43.175,4680.0000,184250,3,140420.0000,3,3,0,双开,S,4680.0000,4681.0000,64,4
DC,a2403,2024-01-26 21:02:43.942,4680.0000,184252,2,374440.0000,8,5,3,空开,S,4680.0000,4682.0000,61,50
DC,a2403,2024-01-26 21:02:44.854,4680.0000,184252,0,280810.0000,6,3,3,多换,S,4680.0000,4682.0000,60,49
DC,a2403,2024-01-26 21:02:45.335,4680.0000,184253,1,46800.0000,1,1,0,双开,S,4681.0000,4682.0000,2,51
DC,a2403,2024-01-26 21:02:45.960,4680.0000,184253,0,421320.0000,9,4,5,多换,S,4680.0000,4681.0000,57,4
DC,a2403,2024-01-26 21:02:46.428,4681.0000,184254,1,280830.0000,6,3,3,多开,B,4680.0000,4681.0000,53,4
DC,a2403,2024-01-26 21:02:46.924,4681.0000,184255,1,93620.0000,2,1,1,多开,B,4680.0000,4681.0000,55,8
DC,a2403,2024-01-26 21:02:47.413,4681.0000,184257,2,93620.0000,2,2,0,双开,B,4680.0000,4681.0000,55,8
DC,a2403,2024-01-26 21:02:48.345,4682.0000,184270,13,702150.0000,15,14,1,多开,B,4680.0000,4682.0000,70,50
DC,a2403,2024-01-26 21:02:48.919,4681.0000,184269,-1,93630.0000,2,0,2,多平,S,4681.0000,4682.0000,7,51
DC,a2403,2024-01-26 21:02:49.478,4682.0000,184273,4,608660.0000,13,8,5,多开,B,4681.0000,4682.0000,22,38
DC,a2403,2024-01-26 21:02:49.928,4681.0000,184274,1,234080.0000,5,3,2,空开,S,4681.0000,4682.0000,22,39
DC,a2403,2024-01-26 21:02:50.461,4681.0000,184278,4,327680.0000,7,5,2,空开,S,4681.0000,4682.0000,14,38
DC,a2403,2024-01-26 21:02:50.852,4681.0000,184279,1,140440.0000,3,2,1,空开,S,4681.0000,4682.0000,15,38
DC,a2403,2024-01-26 21:02:51.463,4682.0000,184280,1,140460.0000,3,2,1,多开,B,4681.0000,4682.0000,29,36
DC,a2403,2024-01-26 21:02:51.983,4681.0000,184286,6,608610.0000,13,9,4,空开,S,4681.0000,4682.0000,30,28
DC,a2403,2024-01-26 21:02:52.302,4682.0000,184287,1,187280.0000,4,2,2,多开,B,4681.0000,4682.0000,40,24
DC,a2403,2024-01-26 21:02:52.764,4682.0000,184284,-3,608650.0000,13,5,8,空平,B,4681.0000,4683.0000,59,43
DC,a2403,2024-01-26 21:02:53.442,4682.0000,184286,2,608660.0000,13,7,6,空开,S,4682.0000,4683.0000,11,54
DC,a2403,2024-01-26 21:02:54.387,4683.0000,184285,-1,234150.0000,5,2,3,空平,B,4682.0000,4683.0000,8,60
DC,a2403,2024-01-26 21:02:54.871,4683.0000,184285,0,1123920.0000,24,12,12,空换,B,4682.0000,4683.0000,24,37
DC,a2403,2024-01-26 21:02:55.307,4682.0000,184294,9,655610.0000,14,11,3,空开,S,4682.0000,4683.0000,34,24
DC,a2403,2024-01-26 21:02:57.558,4683.0000,184294,0,140490.0000,3,1,2,空换,B,4682.0000,4683.0000,52,27
DC,a2403,2024-01-26 21:02:58.058,4683.0000,184294,0,234150.0000,5,2,3,空换,B,4682.0000,4683.0000,52,22
DC,a2403,2024-01-26 21:02:58.939,4683.0000,184305,11,1123920.0000,24,17,7,空开,S,4683.0000,4684.0000,11,21
DC,a2403,2024-01-26 21:02:59.979,4683.0000,184328,23,1732500.0000,37,30,7,多开,B,4682.0000,4683.0000,27,75
DC,a2403,2024-01-26 21:03:00.477,4682.0000,184333,5,1966280.0000,42,23,19,多开,B,4681.0000,4682.0000,20,15
DC,a2403,2024-01-26 21:03:00.963,4682.0000,184334,1,561810.0000,12,6,6,多开,B,4681.0000,4682.0000,16,26
DC,a2403,2024-01-26 21:03:01.441,4681.0000,184360,26,2293680.0000,49,37,12,多开,B,4680.0000,4681.0000,36,58
DC,a2403,2024-01-26 21:03:01.944,4681.0000,184362,2,327630.0000,7,4,3,多开,B,4680.0000,4681.0000,41,57
DC,a2403,2024-01-26 21:03:02.460,4680.0000,184394,32,2761370.0000,59,45,14,空开,S,4680.0000,4681.0000,6,9
DC,a2403,2024-01-26 21:03:02.769,4681.0000,184393,-1,187230.0000,4,1,3,空平,B,4680.0000,4681.0000,32,15
DC,a2403,2024-01-26 21:03:03.456,4681.0000,184393,0,93610.0000,2,1,1,空换,B,4680.0000,4681.0000,38,13
DC,a2403,2024-01-26 21:03:03.944,4681.0000,184394,1,93620.0000,2,1,1,多开,B,4680.0000,4681.0000,38,12
DC,a2403,2024-01-26 21:03:04.239,4681.0000,184393,-1,187240.0000,4,1,3,空平,B,4680.0000,4681.0000,42,8
DC,a2403,2024-01-26 21:03:04.901,4681.0000,184393,0,421290.0000,9,4,5,多换,S,4681.0000,4682.0000,5,25
DC,a2403,2024-01-26 21:03:05.483,4681.0000,184389,-4,514910.0000,11,3,8,多平,S,4681.0000,4682.0000,5,27
DC,a2403,2024-01-26 21:03:05.768,4682.0000,184385,-4,421290.0000,9,2,7,空平,B,4680.0000,4682.0000,64,29
DC,a2403,2024-01-26 21:03:06.321,4681.0000,184388,3,140450.0000,3,3,0,双开,B,4680.0000,4681.0000,55,2
DC,a2403,2024-01-26 21:03:06.977,4681.0000,184412,24,1451090.0000,31,27,4,空开,S,4681.0000,4682.0000,6,27
DC,a2403,2024-01-26 21:03:07.466,4682.0000,184414,2,234100.0000,5,3,2,多开,B,4681.0000,4682.0000,16,18
DC,a2403,2024-01-26 21:03:07.917,4681.0000,184417,3,421320.0000,9,6,3,空开,S,4681.0000,4682.0000,12,13
DC,a2403,2024-01-26 21:03:09.431,4681.0000,184413,-4,1076650.0000,23,9,14,空平,B,4680.0000,4681.0000,106,1
DC,a2403,2024-01-26 21:03:09.935,4681.0000,184414,1,46810.0000,1,1,0,双开,B,4680.0000,4681.0000,116,20
DC,a2403,2024-01-26 21:03:10.268,4681.0000,184420,6,280860.0000,6,6,0,双开,B,4680.0000,4681.0000,116,16
DC,a2403,2024-01-26 21:03:10.878,4681.0000,184420,0,187240.0000,4,2,2,空换,B,4680.0000,4681.0000,115,16
DC,a2403,2024-01-26 21:03:11.370,4682.0000,184435,15,842600.0000,18,16,2,多开,B,4681.0000,4682.0000,3,30
DC,a2403,2024-01-26 21:03:11.739,4681.0000,184431,-4,187250.0000,4,0,4,双平,S,4681.0000,4682.0000,12,27
DC,a2403,2024-01-26 21:03:12.265,4682.0000,184431,0,46820.0000,1,0,1,空换,B,4681.0000,4682.0000,16,27
DC,a2403,2024-01-26 21:03:12.886,4682.0000,184447,16,1123680.0000,24,20,4,空开,S,4682.0000,4683.0000,4,19
DC,a2403,2024-01-26 21:03:13.474,4683.0000,184446,-1,140490.0000,3,1,2,空平,B,4682.0000,4683.0000,19,10
DC,a2403,2024-01-26 21:03:13.983,4683.0000,184447,1,234150.0000,5,3,2,多开,B,4682.0000,4683.0000,21,18
DC,a2403,2024-01-26 21:03:14.354,4683.0000,184448,1,46830.0000,1,1,0,双开,B,4682.0000,4683.0000,21,18
DC,a2403,2024-01-26 21:03:14.892,4683.0000,184449,1,46830.0000,1,1,0,双开,B,4682.0000,4683.0000,25,17
DC,a2403,2024-01-26 21:03:15.319,4682.0000,184451,2,140460.0000,3,2,1,空开,S,4682.0000,4683.0000,24,17
DC,a2403,2024-01-26 21:03:15.829,4681.0000,184441,-10,1732210.0000,37,13,24,空平,B,4680.0000,4681.0000,102,11
DC,a2403,2024-01-26 21:03:16.268,4680.0000,184441,0,46800.0000,1,0,1,多换,S,4680.0000,4681.0000,98,16
DC,a2403,2024-01-26 21:03:16.788,4681.0000,184440,-1,46810.0000,1,0,1,双平,B,4680.0000,4681.0000,98,17
DC,a2403,2024-01-26 21:03:17.374,4681.0000,184439,-1,46810.0000,1,0,1,双平,B,4680.0000,4681.0000,100,16
DC,a2403,2024-01-26 21:03:17.982,4681.0000,184428,-11,655340.0000,14,1,13,多平,S,4681.0000,4682.0000,13,81
DC,a2403,2024-01-26 21:03:18.397,4682.0000,184425,-3,140440.0000,3,0,3,双平,B,4681.0000,4682.0000,47,82
DC,a2403,2024-01-26 21:03:18.928,4681.0000,184421,-4,280900.0000,6,1,5,多平,S,4681.0000,4682.0000,45,79
DC,a2403,2024-01-26 21:03:19.953,4681.0000,184421,0,936200.0000,20,10,10,多换,S,4681.0000,4682.0000,29,79
DC,a2403,2024-01-26 21:03:20.456,4682.0000,184421,0,46820.0000,1,0,1,空换,B,4681.0000,4682.0000,29,79
DC,a2403,2024-01-26 21:03:20.938,4681.0000,184421,0,93620.0000,2,1,1,多换,S,4681.0000,4682.0000,27,80
DC,a2403,2024-01-26 21:03:21.278,4682.0000,184421,0,608640.0000,13,6,7,空换,B,4681.0000,4682.0000,38,69
DC,a2403,2024-01-26 21:03:22.472,4682.0000,184417,-4,187280.0000,4,0,4,双平,B,4681.0000,4682.0000,38,65
DC,a2403,2024-01-26 21:03:22.894,4681.0000,184411,-6,280860.0000,6,0,6,双平,S,4681.0000,4682.0000,32,66
DC,a2403,2024-01-26 21:03:23.348,4682.0000,184398,-13,702290.0000,15,1,14,空平,B,4681.0000,4682.0000,31,53
DC,a2403,2024-01-26 21:03:23.830,4681.0000,184396,-2,140440.0000,3,0,3,多平,S,4681.0000,4682.0000,29,52
DC,a2403,2024-01-26 21:03:24.253,4681.0000,184396,0,46810.0000,1,0,1,多换,S,4681.0000,4682.0000,29,52
DC,a2403,2024-01-26 21:03:24.960,4681.0000,184392,-4,234090.0000,5,0,5,多平,S,4681.0000,4682.0000,39,57
DC,a2403,2024-01-26 21:03:25.481,4681.0000,184392,0,93620.0000,2,1,1,多换,S,4681.0000,4682.0000,37,61
DC,a2403,2024-01-26 21:03:25.836,4682.0000,184391,-1,46820.0000,1,0,1,双平,B,4681.0000,4682.0000,38,61
DC,a2403,2024-01-26 21:03:26.347,4682.0000,184388,-3,280900.0000,6,1,5,空平,B,4681.0000,4682.0000,35,57
DC,a2403,2024-01-26 21:03:26.773,4681.0000,184388,0,46810.0000,1,0,1,多换,S,4681.0000,4682.0000,35,59
DC,a2403,2024-01-26 21:03:27.479,4681.0000,184384,-4,187260.0000,4,0,4,双平,S,4681.0000,4682.0000,33,58
DC,a2403,2024-01-26 21:03:27.848,4682.0000,184383,-1,140440.0000,3,1,2,空平,B,4681.0000,4682.0000,32,58
DC,a2403,2024-01-26 21:03:28.464,4682.0000,184382,-1,46820.0000,1,0,1,双平,B,4681.0000,4682.0000,33,57
DC,a2403,2024-01-26 21:03:28.988,4682.0000,184379,-3,140460.0000,3,0,3,双平,B,4681.0000,4682.0000,34,56
DC,a2403,2024-01-26 21:03:29.335,4682.0000,184378,-1,93630.0000,2,0,2,空平,B,4681.0000,4682.0000,33,53
DC,a2403,2024-01-26 21:03:29.818,4681.0000,184367,-11,608640.0000,13,1,12,多平,S,4681.0000,4682.0000,31,42
DC,a2403,2024-01-26 21:03:30.397,4681.0000,184367,0,187260.0000,4,2,2,多换,S,4681.0000,4682.0000,27,39
DC,a2403,2024-01-26 21:03:30.976,4681.0000,184370,3,280880.0000,6,4,2,空开,S,4681.0000,4682.0000,25,38
DC,a2403,2024-01-26 21:03:31.239,4681.0000,184374,4,187240.0000,4,4,0,双开,S,4681.0000,4682.0000,34,40
DC,a2403,2024-01-26 21:03:32.437,4682.0000,184371,-3,140460.0000,3,0,3,双平,B,4681.0000,4682.0000,38,37
DC,a2403,2024-01-26 21:03:32.829,4681.0000,184376,5,702260.0000,15,10,5,空开,S,4681.0000,4682.0000,32,25
DC,a2403,2024-01-26 21:03:33.954,4681.0000,184390,14,1685190.0000,36,25,11,空开,S,4681.0000,4682.0000,9,15
DC,a2403,2024-01-26 21:03:34.423,4681.0000,184396,6,468100.0000,10,8,2,多开,B,4680.0000,4681.0000,96,4
DC,a2403,2024-01-26 21:03:34.848,4680.0000,184397,1,93600.0000,2,1,1,空开,S,4680.0000,4681.0000,99,11
DC,a2403,2024-01-26 21:03:35.485,4681.0000,184408,11,702150.0000,15,13,2,空开,S,4681.0000,4682.0000,2,29
DC,a2403,2024-01-26 21:03:35.939,4682.0000,184411,3,280880.0000,6,4,2,多开,B,4680.0000,4682.0000,96,28
DC,a2403,2024-01-26 21:03:36.241,4682.0000,184411,0,280920.0000,6,3,3,空换,B,4681.0000,4682.0000,13,22
DC,a2403,2024-01-26 21:03:36.742,4681.0000,184411,0,93620.0000,2,1,1,多换,S,4681.0000,4682.0000,11,22
DC,a2403,2024-01-26 21:03:37.337,4682.0000,184411,0,93640.0000,2,1,1,空换,B,4681.0000,4682.0000,37,11
DC,a2403,2024-01-26 21:03:37.847,4682.0000,184413,2,889580.0000,19,10,9,空开,S,4682.0000,4683.0000,6,28
DC,a2403,2024-01-26 21:03:38.987,4683.0000,184414,1,93650.0000,2,1,1,多开,B,4682.0000,4683.0000,11,29
DC,a2403,2024-01-26 21:03:39.850,4683.0000,184424,10,515130.0000,11,10,1,多开,B,4682.0000,4683.0000,17,21
DC,a2403,2024-01-26 21:03:40.472,4683.0000,184436,12,561950.0000,12,12,0,双开,S,4683.0000,4684.0000,1,32
DC,a2403,2024-01-26 21:03:40.944,4684.0000,184435,-1,140510.0000,3,1,2,空平,B,4682.0000,4684.0000,39,30
DC,a2403,2024-01-26 21:03:41.462,4683.0000,184437,2,93660.0000,2,2,0,双开,S,4683.0000,4684.0000,25,28
DC,a2403,2024-01-26 21:03:42.244,4683.0000,184438,1,46830.0000,1,1,0,双开,S,4683.0000,4684.0000,27,31
DC,a2403,2024-01-26 21:03:42.857,4683.0000,184440,2,187330.0000,4,3,1,空开,S,4683.0000,4684.0000,33,31
DC,a2403,2024-01-26 21:03:43.446,4683.0000,184441,1,46830.0000,1,1,0,双开,S,4683.0000,4684.0000,33,18
DC,a2403,2024-01-26 21:03:43.903,4683.0000,184440,-1,187350.0000,4,1,3,多平,S,4683.0000,4684.0000,42,16
DC,a2403,2024-01-26 21:03:44.441,4683.0000,184417,-23,2013690.0000,43,10,33,空平,B,4682.0000,4683.0000,35,68
DC,a2403,2024-01-26 21:03:44.928,4683.0000,184416,-1,93660.0000,2,0,2,空平,B,4682.0000,4683.0000,33,67
DC,a2403,2024-01-26 21:03:45.241,4683.0000,184407,-9,421470.0000,9,0,9,双平,B,4682.0000,4683.0000,33,60
DC,a2403,2024-01-26 21:03:45.891,4683.0000,184407,0,46830.0000,1,0,1,空换,B,4682.0000,4683.0000,33,60
DC,a2403,2024-01-26 21:03:46.968,4683.0000,184405,-2,515130.0000,11,4,7,空平,B,4682.0000,4683.0000,43,55
DC,a2403,2024-01-26 21:03:47.488,4683.0000,184406,1,140470.0000,3,2,1,多开,B,4682.0000,4683.0000,41,54
DC,a2403,2024-01-26 21:03:47.949,4683.0000,184407,1,374630.0000,8,4,4,多开,B,4682.0000,4683.0000,39,47
DC,a2403,2024-01-26 21:03:48.409,4682.0000,184407,0,93650.0000,2,1,1,多换,S,4682.0000,4683.0000,38,46
DC,a2403,2024-01-26 21:03:48.729,4682.0000,184407,0,93640.0000,2,1,1,多换,S,4682.0000,4683.0000,36,46
DC,a2403,2024-01-26 21:03:49.450,4682.0000,184400,-7,749120.0000,16,4,12,多平,S,4682.0000,4683.0000,21,46
DC,a2403,2024-01-26 21:03:49.741,4682.0000,184398,-2,140470.0000,3,0,3,多平,S,4682.0000,4683.0000,20,58
DC,a2403,2024-01-26 21:03:50.081,4683.0000,184398,0,280930.0000,6,3,3,空换,B,4682.0000,4683.0000,15,56
DC,a2403,2024-01-26 21:03:51.899,4682.0000,184395,-3,187310.0000,4,0,4,多平,S,4682.0000,4683.0000,27,53
DC,a2403,2024-01-26 21:03:52.387,4682.0000,184394,-1,187300.0000,4,1,3,多平,S,4682.0000,4683.0000,27,51
DC,a2403,2024-01-26 21:03:52.739,4683.0000,184392,-2,93660.0000,2,0,2,双平,B,4682.0000,4683.0000,37,42
DC,a2403,2024-01-26 21:03:53.241,4683.0000,184391,-1,46830.0000,1,0,1,双平,B,4682.0000,4683.0000,41,43
DC,a2403,2024-01-26 21:03:53.792,4682.0000,184391,0,46820.0000,1,0,1,多换,S,4682.0000,4683.0000,40,43
DC,a2403,2024-01-26 21:03:55.394,4682.0000,184391,0,93640.0000,2,1,1,多换,S,4682.0000,4683.0000,59,44
DC,a2403,2024-01-26 21:03:55.741,4682.0000,184390,-1,327790.0000,7,3,4,多平,S,4682.0000,4683.0000,57,39
DC,a2403,2024-01-26 21:03:56.299,4682.0000,184387,-3,140460.0000,3,0,3,双平,S,4682.0000,4683.0000,54,42
DC,a2403,2024-01-26 21:03:56.838,4683.0000,184383,-4,187320.0000,4,0,4,双平,B,4682.0000,4683.0000,54,38
DC,a2403,2024-01-26 21:03:57.745,4682.0000,184383,0,140470.0000,3,1,2,多换,S,4682.0000,4683.0000,62,41
DC,a2403,2024-01-26 21:03:58.847,4682.0000,184386,3,140460.0000,3,3,0,双开,S,4682.0000,4683.0000,60,50
DC,a2403,2024-01-26 21:03:59.478,4682.0000,184392,6,327740.0000,7,6,1,空开,S,4682.0000,4683.0000,66,51
DC,a2403,2024-01-26 21:03:59.947,4683.0000,184443,51,3464900.0000,74,62,12,多开,B,4682.0000,4683.0000,31,32
DC,a2403,2024-01-26 21:04:00.360,4683.0000,184445,2,936430.0000,20,11,9,多开,B,4682.0000,4683.0000,17,46
DC,a2403,2024-01-26 21:04:00.787,4682.0000,184440,-5,468210.0000,10,2,8,多平,S,4682.0000,4683.0000,9,48
DC,a2403,2024-01-26 21:04:01.484,4682.0000,184429,-11,936410.0000,20,4,16,空平,B,4681.0000,4682.0000,28,5
DC,a2403,2024-01-26 21:04:01.913,4681.0000,184430,1,46810.0000,1,1,0,双开,S,4681.0000,4682.0000,17,21
DC,a2403,2024-01-26 21:04:02.242,4682.0000,184430,0,46820.0000,1,0,1,空换,B,4681.0000,4682.0000,26,28
DC,a2403,2024-01-26 21:04:02.900,4681.0000,184431,1,140440.0000,3,2,1,空开,S,4681.0000,4682.0000,29,22
DC,a2403,2024-01-26 21:04:03.480,4681.0000,184434,3,140430.0000,3,3,0,双开,S,4681.0000,4682.0000,26,27
DC,a2403,2024-01-26 21:04:03.700,4682.0000,184433,-1,93640.0000,2,0,2,空平,B,4681.0000,4682.0000,26,25
DC,a2403,2024-01-26 21:04:04.479,4682.0000,184421,-12,1264140.0000,27,7,20,多平,S,4682.0000,4683.0000,9,38
DC,a2403,2024-01-26 21:04:04.975,4683.0000,184421,0,187320.0000,4,2,2,空换,B,4682.0000,4683.0000,19,38
DC,a2403,2024-01-26 21:04:05.312,4683.0000,184415,-6,655490.0000,14,4,10,空平,B,4682.0000,4683.0000,11,39
DC,a2403,2024-01-26 21:04:05.578,4683.0000,184416,1,187300.0000,4,2,2,多开,B,4682.0000,4683.0000,14,38
DC,a2403,2024-01-26 21:04:06.273,4682.0000,184416,0,140460.0000,3,1,2,多换,S,4682.0000,4683.0000,11,38
DC,a2403,2024-01-26 21:04:06.863,4683.0000,184416,0,140480.0000,3,1,2,空换,B,4682.0000,4683.0000,20,38
DC,a2403,2024-01-26 21:04:07.924,4682.0000,184413,-3,468210.0000,10,3,7,多平,S,4682.0000,4683.0000,13,30
DC,a2403,2024-01-26 21:04:08.239,4682.0000,184413,0,46820.0000,1,0,1,多换,S,4682.0000,4683.0000,4,34
DC,a2403,2024-01-26 21:04:08.739,4683.0000,184414,1,187320.0000,4,2,2,多开,B,4682.0000,4683.0000,55,19
DC,a2403,2024-01-26 21:04:09.459,4683.0000,184420,6,1404900.0000,30,18,12,空开,S,4683.0000,4684.0000,25,35
DC,a2403,2024-01-26 21:04:09.924,4683.0000,184419,-1,140510.0000,3,1,2,多平,S,4683.0000,4684.0000,43,35
DC,a2403,2024-01-26 21:04:10.401,4684.0000,184430,11,1171000.0000,25,18,7,空开,S,4684.0000,4685.0000,10,54
DC,a2403,2024-01-26 21:04:10.943,4684.0000,184435,5,234200.0000,5,5,0,双开,S,4684.0000,4685.0000,20,43
DC,a2403,2024-01-26 21:04:11.919,4685.0000,184436,1,93690.0000,2,1,1,多开,B,4684.0000,4685.0000,29,41
DC,a2403,2024-01-26 21:04:12.409,4685.0000,184434,-2,609050.0000,13,5,8,空平,B,4684.0000,4685.0000,33,28
DC,a2403,2024-01-26 21:04:12.970,4685.0000,184435,1,749580.0000,16,8,8,多开,B,4684.0000,4685.0000,35,16
DC,a2403,2024-01-26 21:04:13.483,4684.0000,184436,1,46840.0000,1,1,0,双开,S,4684.0000,4685.0000,34,16
DC,a2403,2024-01-26 21:04:13.955,4684.0000,184436,0,93680.0000,2,1,1,多换,S,4684.0000,4685.0000,35,29
DC,a2403,2024-01-26 21:04:14.307,4684.0000,184429,-7,1311520.0000,28,10,18,空平,B,4683.0000,4684.0000,44,173
DC,a2403,2024-01-26 21:04:14.858,4683.0000,184427,-2,2247840.0000,48,23,25,空平,B,4682.0000,4683.0000,76,42
DC,a2403,2024-01-26 21:04:15.403,4683.0000,184453,26,1404880.0000,30,28,2,多开,B,4682.0000,4683.0000,74,17
DC,a2403,2024-01-26 21:04:16.248,4683.0000,184451,-2,93660.0000,2,0,2,双平,B,4682.0000,4683.0000,75,23
DC,a2403,2024-01-26 21:04:16.969,4683.0000,184451,0,187300.0000,4,2,2,空换,B,4682.0000,4683.0000,73,22
DC,a2403,2024-01-26 21:04:17.432,4683.0000,184453,2,187290.0000,4,3,1,多开,B,4682.0000,4683.0000,70,21
DC,a2403,2024-01-26 21:04:17.828,4682.0000,184454,1,140470.0000,3,2,1,空开,S,4682.0000,4683.0000,68,22
DC,a2403,2024-01-26 21:04:18.739,4683.0000,184453,-1,93660.0000,2,0,2,空平,B,4682.0000,4683.0000,69,20
DC,a2403,2024-01-26 21:04:19.389,4682.0000,184453,0,234130.0000,5,2,3,多换,S,4682.0000,4683.0000,67,16
DC,a2403,2024-01-26 21:04:20.323,4683.0000,184464,11,842940.0000,18,14,4,空开,S,4683.0000,4684.0000,16,183
DC,a2403,2024-01-26 21:04:20.925,4683.0000,184463,-1,234150.0000,5,2,3,空平,B,4682.0000,4684.0000,126,181
DC,a2403,2024-01-26 21:04:21.402,4684.0000,184469,6,5386530.0000,115,60,55,多开,B,4683.0000,4684.0000,9,76
DC,a2403,2024-01-26 21:04:21.865,4683.0000,184468,-1,327850.0000,7,3,4,多平,S,4683.0000,4684.0000,4,73
DC,a2403,2024-01-26 21:04:22.421,4683.0000,184468,0,93670.0000,2,1,1,多换,S,4683.0000,4684.0000,71,73
DC,a2403,2024-01-26 21:04:22.741,4684.0000,184460,-8,3325640.0000,71,31,40,多平,S,4684.0000,4685.0000,4,52
DC,a2403,2024-01-26 21:04:23.297,4684.0000,184461,1,46840.0000,1,1,0,双开,S,4684.0000,4685.0000,17,40
DC,a2403,2024-01-26 21:04:23.931,4685.0000,184462,1,46850.0000,1,1,0,双开,B,4684.0000,4685.0000,17,40
DC,a2403,2024-01-26 21:04:24.239,4684.0000,184463,1,46840.0000,1,1,0,双开,S,4684.0000,4685.0000,13,40
DC,a2403,2024-01-26 21:04:24.642,4685.0000,184464,1,93700.0000,2,1,1,多开,B,4684.0000,4685.0000,14,38
DC,a2403,2024-01-26 21:04:25.420,4684.0000,184464,0,46840.0000,1,0,1,多换,S,4684.0000,4685.0000,13,39
DC,a2403,2024-01-26 21:04:25.988,4685.0000,184464,0,46850.0000,1,0,1,空换,B,4684.0000,4685.0000,15,42
DC,a2403,2024-01-26 21:04:26.485,4684.0000,184465,1,46840.0000,1,1,0,双开,S,4684.0000,4685.0000,14,40
DC,a2403,2024-01-26 21:04:26.919,4684.0000,184466,1,281070.0000,6,3,3,空开,S,4684.0000,4685.0000,12,40
DC,a2403,2024-01-26 21:04:27.944,4684.0000,184467,1,93680.0000,2,1,1,空开,S,4684.0000,4685.0000,7,42
DC,a2403,2024-01-26 21:04:28.472,4684.0000,184464,-3,374720.0000,8,2,6,多平,S,4684.0000,4685.0000,2,55
DC,a2403,2024-01-26 21:04:28.948,4684.0000,184466,2,187360.0000,4,3,1,多开,B,4683.0000,4684.0000,80,13
DC,a2403,2024-01-26 21:04:29.421,4684.0000,184457,-9,421560.0000,9,0,9,双平,B,4683.0000,4684.0000,80,7
DC,a2403,2024-01-26 21:04:29.935,4684.0000,184457,0,93680.0000,2,1,1,空换,B,4683.0000,4684.0000,80,6
DC,a2403,2024-01-26 21:04:30.385,4684.0000,184457,0,46840.0000,1,0,1,空换,B,4683.0000,4684.0000,81,5
DC,a2403,2024-01-26 21:04:30.876,4684.0000,184456,-1,140520.0000,3,1,2,空平,B,4683.0000,4684.0000,82,8
DC,a2403,2024-01-26 21:04:31.450,4684.0000,184454,-2,468400.0000,10,4,6,多平,S,4684.0000,4685.0000,29,54
DC,a2403,2024-01-26 21:04:31.934,4684.0000,184453,-1,187370.0000,4,1,3,多平,S,4684.0000,4685.0000,30,51
DC,a2403,2024-01-26 21:04:32.369,4684.0000,184452,-1,140520.0000,3,1,2,多平,S,4684.0000,4685.0000,28,51
DC,a2403,2024-01-26 21:04:33.943,4684.0000,184406,-46,2342000.0000,50,2,48,空平,B,4683.0000,4684.0000,76,42
DC,a2403,2024-01-26 21:04:34.400,4683.0000,184406,0,93660.0000,2,1,1,多换,S,4683.0000,4684.0000,74,47
DC,a2403,2024-01-26 21:04:34.901,4684.0000,184404,-2,93680.0000,2,0,2,双平,B,4683.0000,4684.0000,75,49
DC,a2403,2024-01-26 21:04:35.879,4683.0000,184405,1,234160.0000,5,3,2,空开,S,4683.0000,4684.0000,71,47
DC,a2403,2024-01-26 21:04:36.444,4684.0000,184397,-8,374720.0000,8,0,8,双平,B,4683.0000,4684.0000,72,41
DC,a2403,2024-01-26 21:04:36.846,4683.0000,184399,2,140500.0000,3,2,1,空开,S,4683.0000,4684.0000,70,43
DC,a2403,2024-01-26 21:04:37.079,4684.0000,184397,-2,93680.0000,2,0,2,双平,B,4683.0000,4684.0000,70,43
DC,a2403,2024-01-26 21:04:37.556,4684.0000,184395,-2,93680.0000,2,0,2,双平,B,4683.0000,4684.0000,70,43
DC,a2403,2024-01-26 21:04:38.464,4683.0000,184391,-4,234190.0000,5,0,5,多平,S,4683.0000,4684.0000,69,39
DC,a2403,2024-01-26 21:04:38.741,4684.0000,184390,-1,140510.0000,3,1,2,空平,B,4683.0000,4684.0000,66,37
DC,a2403,2024-01-26 21:04:39.203,4683.0000,184393,3,1030470.0000,22,12,10,空开,S,4683.0000,4684.0000,64,26
DC,a2403,2024-01-26 21:04:39.549,4684.0000,184393,0,46840.0000,1,0,1,空换,B,4683.0000,4684.0000,66,25
DC,a2403,2024-01-26 21:04:40.262,4684.0000,184394,1,46840.0000,1,1,0,双开,B,4683.0000,4684.0000,67,26
DC,a2403,2024-01-26 21:04:40.953,4683.0000,184397,3,140500.0000,3,3,0,双开,S,4683.0000,4684.0000,76,26
DC,a2403,2024-01-26 21:04:41.328,4684.0000,184400,3,281010.0000,6,4,2,多开,B,4683.0000,4684.0000,73,23
DC,a2403,2024-01-26 21:04:41.741,4684.0000,184401,1,93670.0000,2,1,1,多开,B,4683.0000,4684.0000,72,23
DC,a2403,2024-01-26 21:04:42.427,4683.0000,184405,4,234150.0000,5,4,1,空开,S,4683.0000,4684.0000,66,26
DC,a2403,2024-01-26 21:04:42.553,4684.0000,184406,1,46840.0000,1,1,0,双开,B,4683.0000,4684.0000,66,28
DC,a2403,2024-01-26 21:04:43.447,4683.0000,184404,-2,3090780.0000,66,32,34,空平,B,4682.0000,4683.0000,134,32
DC,a2403,2024-01-26 21:04:43.801,4683.0000,184403,-1,234130.0000,5,2,3,空平,B,4682.0000,4683.0000,124,21
DC,a2403,2024-01-26 21:04:44.165,4682.0000,184404,1,93640.0000,2,1,1,空开,S,4682.0000,4683.0000,115,25
DC,a2403,2024-01-26 21:04:44.928,4682.0000,184403,-1,187310.0000,4,1,3,多平,S,4682.0000,4683.0000,114,21
DC,a2403,2024-01-26 21:04:45.770,4683.0000,184401,-2,93660.0000,2,0,2,双平,B,4682.0000,4683.0000,116,19
DC,a2403,2024-01-26 21:04:46.474,4682.0000,184402,1,468200.0000,10,5,5,空开,S,4682.0000,4683.0000,106,19
DC,a2403,2024-01-26 21:04:46.979,4682.0000,184404,2,93640.0000,2,2,0,双开,S,4682.0000,4683.0000,104,21
DC,a2403,2024-01-26 21:04:47.377,4683.0000,184406,2,140470.0000,3,2,1,多开,B,4682.0000,4683.0000,101,20
DC,a2403,2024-01-26 21:04:47.979,4682.0000,184416,10,561850.0000,12,11,1,空开,S,4682.0000,4683.0000,91,19
DC,a2403,2024-01-26 21:04:48.317,4682.0000,184411,-5,4213800.0000,90,42,48,空平,B,4681.0000,4682.0000,22,421
DC,a2403,2024-01-26 21:04:48.969,4681.0000,184406,-5,1076630.0000,23,9,14,空平,B,4680.0000,4681.0000,166,52
DC,a2403,2024-01-26 21:04:49.954,4681.0000,184406,0,140430.0000,3,1,2,空换,B,4680.0000,4681.0000,167,47
DC,a2403,2024-01-26 21:04:50.272,4681.0000,184407,1,46810.0000,1,1,0,双开,B,4680.0000,4681.0000,166,43
DC,a2403,2024-01-26 21:04:51.923,4681.0000,184408,1,1076620.0000,23,12,11,空开,S,4681.0000,4682.0000,38,437
DC,a2403,2024-01-26 21:04:52.432,4681.0000,184410,2,93620.0000,2,2,0,双开,S,4681.0000,4682.0000,37,438
DC,a2403,2024-01-26 21:04:52.801,4681.0000,184410,0,93630.0000,2,1,1,多换,S,4681.0000,4682.0000,48,438
DC,a2403,2024-01-26 21:04:53.979,4682.0000,184406,-4,187280.0000,4,0,4,双平,B,4681.0000,4682.0000,49,439
DC,a2403,2024-01-26 21:04:54.781,4682.0000,184405,-1,46820.0000,1,0,1,双平,B,4681.0000,4682.0000,51,439
DC,a2403,2024-01-26 21:04:55.474,4681.0000,184406,1,2387810.0000,51,26,25,空开,S,4681.0000,4682.0000,66,380
DC,a2403,2024-01-26 21:04:55.870,4681.0000,184409,3,140430.0000,3,3,0,双开,S,4681.0000,4682.0000,74,382
DC,a2403,2024-01-26 21:04:56.467,4681.0000,184410,1,46810.0000,1,1,0,双开,S,4681.0000,4682.0000,74,382
DC,a2403,2024-01-26 21:04:56.974,4681.0000,184415,5,514950.0000,11,8,3,空开,S,4681.0000,4682.0000,67,379
DC,a2403,2024-01-26 21:04:57.439,4681.0000,184419,4,421290.0000,9,6,3,空开,S,4681.0000,4682.0000,57,380
DC,a2403,2024-01-26 21:04:57.980,4682.0000,184408,-11,749120.0000,16,2,14,空平,B,4681.0000,4682.0000,102,364
DC,a2403,2024-01-26 21:04:58.317,4681.0000,184409,1,46810.0000,1,1,0,双开,S,4681.0000,4682.0000,99,365
DC,a2403,2024-01-26 21:04:59.471,4681.0000,184411,2,93620.0000,2,2,0,双开,S,4681.0000,4682.0000,100,372
DC,a2403,2024-01-26 21:04:59.926,4681.0000,184412,1,46810.0000,1,1,0,双开,S,4681.0000,4682.0000,100,372
DC,a2403,2024-01-26 21:05:00.454,4681.0000,184416,4,514940.0000,11,7,4,空开,S,4681.0000,4682.0000,91,369
DC,a2403,2024-01-26 21:05:00.815,4681.0000,184431,15,983020.0000,21,18,3,空开,S,4681.0000,4682.0000,97,369
DC,a2403,2024-01-26 21:05:01.168,4681.0000,184429,-2,93620.0000,2,0,2,双平,S,4681.0000,4682.0000,99,369
DC,a2403,2024-01-26 21:05:01.851,4681.0000,184419,-10,1404310.0000,30,10,20,多平,S,4681.0000,4682.0000,74,375
DC,a2403,2024-01-26 21:05:02.239,4681.0000,184387,-32,2106460.0000,45,6,39,多平,S,4681.0000,4682.0000,31,376
DC,a2403,2024-01-26 21:05:02.984,4682.0000,184369,-18,2574750.0000,55,18,37,空平,B,4680.0000,4681.0000,254,21
DC,a2403,2024-01-26 21:05:03.479,4680.0000,184371,2,234000.0000,5,3,2,空开,S,4680.0000,4681.0000,249,41
DC,a2403,2024-01-26 21:05:04.402,4680.0000,184406,35,2901600.0000,62,48,14,空开,S,4680.0000,4681.0000,195,77
DC,a2403,2024-01-26 21:05:04.928,4680.0000,184490,84,8564400.0000,183,133,50,空开,S,4680.0000,4681.0000,16,76
DC,a2403,2024-01-26 21:05:05.456,4680.0000,184474,-16,1076400.0000,23,3,20,空平,B,4679.0000,4680.0000,31,11
DC,a2403,2024-01-26 21:05:05.979,4679.0000,184483,9,1310250.0000,28,18,10,空开,S,4679.0000,4680.0000,20,31
DC,a2403,2024-01-26 21:05:06.462,4680.0000,184483,0,421140.0000,9,4,5,空换,B,4679.0000,4680.0000,10,28
DC,a2403,2024-01-26 21:05:06.831,4679.0000,184484,1,46790.0000,1,1,0,双开,S,4679.0000,4680.0000,8,37
DC,a2403,2024-01-26 21:05:07.288,4679.0000,184486,2,233950.0000,5,3,2,多开,B,4678.0000,4680.0000,78,38
DC,a2403,2024-01-26 21:05:07.969,4679.0000,184485,-1,140370.0000,3,1,2,空平,B,4678.0000,4679.0000,81,18
DC,a2403,2024-01-26 21:05:08.481,4679.0000,184487,2,140370.0000,3,2,1,多开,B,4678.0000,4679.0000,80,61
DC,a2403,2024-01-26 21:05:08.981,4679.0000,184549,62,3695630.0000,79,70,9,多开,B,4678.0000,4679.0000,2,69
DC,a2403,2024-01-26 21:05:09.320,4678.0000,184547,-2,140340.0000,3,0,3,空平,B,4677.0000,4678.0000,32,7
DC,a2403,2024-01-26 21:05:09.964,4677.0000,184546,-1,420930.0000,9,4,5,多平,S,4677.0000,4678.0000,10,56
DC,a2403,2024-01-26 21:05:10.398,4677.0000,184537,-9,561240.0000,12,1,11,空平,B,4676.0000,4678.0000,86,39
DC,a2403,2024-01-26 21:05:10.956,4677.0000,184540,3,233850.0000,5,4,1,多开,B,4676.0000,4677.0000,89,10
DC,a2403,2024-01-26 21:05:11.371,4677.0000,184540,0,46770.0000,1,0,1,空换,B,4676.0000,4677.0000,78,61
DC,a2403,2024-01-26 21:05:11.773,4677.0000,184545,5,374140.0000,8,6,2,多开,B,4676.0000,4677.0000,77,51
DC,a2403,2024-01-26 21:05:12.399,4676.0000,184547,2,93530.0000,2,2,0,双开,S,4676.0000,4677.0000,78,61
DC,a2403,2024-01-26 21:05:12.830,4676.0000,184547,0,46760.0000,1,0,1,多换,S,4676.0000,4677.0000,78,56
DC,a2403,2024-01-26 21:05:13.728,4676.0000,184547,0,46760.0000,1,0,1,多换,S,4676.0000,4677.0000,85,57
DC,a2403,2024-01-26 21:05:14.378,4676.0000,184552,5,748160.0000,16,10,6,空开,S,4676.0000,4677.0000,70,71
DC,a2403,2024-01-26 21:05:14.853,4677.0000,184555,3,140310.0000,3,3,0,双开,B,4676.0000,4677.0000,70,39
DC,a2403,2024-01-26 21:05:15.481,4676.0000,184556,1,46760.0000,1,1,0,双开,S,4676.0000,4677.0000,69,72
DC,a2403,2024-01-26 21:05:15.750,4677.0000,184555,-1,93540.0000,2,0,2,空平,B,4676.0000,4677.0000,70,41
DC,a2403,2024-01-26 21:05:16.365,4676.0000,184557,2,93520.0000,2,2,0,双开,S,4676.0000,4677.0000,68,70
DC,a2403,2024-01-26 21:05:16.958,4676.0000,184567,10,701450.0000,15,12,3,空开,S,4676.0000,4677.0000,58,37
DC,a2403,2024-01-26 21:05:17.413,4677.0000,184635,68,3975450.0000,85,76,9,空开,S,4677.0000,4678.0000,13,29
DC,a2403,2024-01-26 21:05:18.940,4677.0000,184637,2,187100.0000,4,3,1,空开,S,4677.0000,4678.0000,43,17
DC,a2403,2024-01-26 21:05:20.239,4678.0000,184647,10,561360.0000,12,11,1,多开,B,4677.0000,4678.0000,51,6
DC,a2403,2024-01-26 21:05:20.879,4677.0000,184652,5,795150.0000,17,11,6,空开,S,4677.0000,4678.0000,41,2
DC,a2403,2024-01-26 21:05:21.432,4678.0000,184652,0,748400.0000,16,8,8,空换,B,4677.0000,4678.0000,34,18
DC,a2403,2024-01-26 21:05:21.961,4677.0000,184649,-3,374160.0000,8,2,6,多平,S,4677.0000,4678.0000,17,22
DC,a2403,2024-01-26 21:05:22.741,4677.0000,184646,-3,140310.0000,3,0,3,双平,S,4677.0000,4678.0000,18,24
DC,a2403,2024-01-26 21:05:23.458,4677.0000,184645,-1,374160.0000,8,3,5,多平,S,4677.0000,4678.0000,9,24
DC,a2403,2024-01-26 21:05:23.980,4678.0000,184646,1,233870.0000,5,3,2,多开,B,4677.0000,4678.0000,6,23
DC,a2403,2024-01-26 21:05:24.252,4678.0000,184644,-2,140340.0000,3,0,3,空平,B,4677.0000,4678.0000,18,21
DC,a2403,2024-01-26 21:05:24.918,4677.0000,184644,0,187110.0000,4,2,2,多换,S,4677.0000,4678.0000,17,20
DC,a2403,2024-01-26 21:05:25.802,4678.0000,184644,0,280680.0000,6,3,3,空换,B,4677.0000,4678.0000,18,14
DC,a2403,2024-01-26 21:05:26.820,4678.0000,184646,2,187090.0000,4,3,1,多开,B,4677.0000,4678.0000,14,33
DC,a2403,2024-01-26 21:05:27.978,4677.0000,184648,2,140310.0000,3,2,1,空开,S,4677.0000,4678.0000,2,39
DC,a2403,2024-01-26 21:05:28.452,4677.0000,184649,1,46770.0000,1,1,0,双开,S,4677.0000,4678.0000,40,41
DC,a2403,2024-01-26 21:05:28.932,4678.0000,184650,1,280670.0000,6,3,3,多开,B,4677.0000,4678.0000,41,38
DC,a2403,2024-01-26 21:05:30.373,4677.0000,184653,3,935430.0000,20,11,9,空开,S,4677.0000,4678.0000,37,25
DC,a2403,2024-01-26 21:05:30.978,4678.0000,184654,1,327430.0000,7,4,3,多开,B,4677.0000,4678.0000,54,26
DC,a2403,2024-01-26 21:05:31.311,4678.0000,184653,-1,233900.0000,5,2,3,空平,B,4677.0000,4678.0000,54,26
DC,a2403,2024-01-26 21:05:31.944,4678.0000,184652,-1,93550.0000,2,0,2,空平,B,4677.0000,4678.0000,59,25
DC,a2403,2024-01-26 21:05:32.439,4678.0000,184657,5,374240.0000,8,6,2,多开,B,4677.0000,4678.0000,60,19
DC,a2403,2024-01-26 21:05:32.765,4677.0000,184663,6,982280.0000,21,13,8,空开,S,4677.0000,4678.0000,52,1
DC,a2403,2024-01-26 21:05:33.402,4678.0000,184662,-1,467710.0000,10,4,6,空平,B,4677.0000,4678.0000,41,2
DC,a2403,2024-01-26 21:05:33.963,4678.0000,184666,4,280670.0000,6,5,1,多开,B,4677.0000,4678.0000,47,11
DC,a2403,2024-01-26 21:05:34.457,4678.0000,184675,9,561360.0000,12,10,2,多开,B,4677.0000,4678.0000,47,1
DC,a2403,2024-01-26 21:05:34.953,4678.0000,184680,5,280690.0000,6,5,1,空开,S,4678.0000,4679.0000,20,54
DC,a2403,2024-01-26 21:05:35.470,4678.0000,184682,2,93560.0000,2,2,0,双开,S,4678.0000,4679.0000,18,41
DC,a2403,2024-01-26 21:05:35.890,4678.0000,184682,0,187120.0000,4,2,2,多换,S,4678.0000,4679.0000,14,43
DC,a2403,2024-01-26 21:05:36.283,4678.0000,184683,1,280690.0000,6,3,3,空开,S,4678.0000,4679.0000,20,42
DC,a2403,2024-01-26 21:05:36.789,4678.0000,184684,1,140350.0000,3,2,1,空开,S,4678.0000,4679.0000,25,45
DC,a2403,2024-01-26 21:05:37.077,4679.0000,184681,-3,140350.0000,3,0,3,双平,B,4678.0000,4679.0000,23,44
DC,a2403,2024-01-26 21:05:37.961,4678.0000,184679,-2,187120.0000,4,1,3,多平,S,4678.0000,4679.0000,27,44
DC,a2403,2024-01-26 21:05:38.316,4678.0000,184679,0,280690.0000,6,3,3,多换,S,4678.0000,4679.0000,22,42
DC,a2403,2024-01-26 21:05:39.437,4678.0000,184680,1,46780.0000,1,1,0,双开,S,4678.0000,4679.0000,37,46
DC,a2403,2024-01-26 21:05:39.937,4679.0000,184681,1,233940.0000,5,3,2,多开,B,4678.0000,4679.0000,42,41
DC,a2403,2024-01-26 21:05:40.259,4678.0000,184685,4,233900.0000,5,4,1,空开,S,4678.0000,4679.0000,38,36
DC,a2403,2024-01-26 21:05:40.973,4679.0000,184686,1,46790.0000,1,1,0,双开,B,4678.0000,4679.0000,49,31
DC,a2403,2024-01-26 21:05:41.428,4678.0000,184692,6,467800.0000,10,8,2,空开,S,4678.0000,4679.0000,39,29
DC,a2403,2024-01-26 21:05:41.856,4678.0000,184693,1,46780.0000,1,1,0,双开,S,4678.0000,4679.0000,39,31
DC,a2403,2024-01-26 21:05:42.478,4678.0000,184697,4,187120.0000,4,4,0,双开,S,4678.0000,4679.0000,33,32
DC,a2403,2024-01-26 21:05:42.826,4678.0000,184697,0,46780.0000,1,0,1,多换,S,4678.0000,4679.0000,40,34
DC,a2403,2024-01-26 21:05:43.242,4679.0000,184697,0,93570.0000,2,1,1,空换,B,4678.0000,4679.0000,39,34
DC,a2403,2024-01-26 21:05:43.813,4678.0000,184700,3,280680.0000,6,4,2,空开,S,4678.0000,4679.0000,33,35
DC,a2403,2024-01-26 21:05:44.130,4678.0000,184703,3,280680.0000,6,4,2,空开,S,4678.0000,4679.0000,26,35
DC,a2403,2024-01-26 21:05:44.969,4678.0000,184703,0,46780.0000,1,0,1,多换,S,4678.0000,4679.0000,25,36
DC,a2403,2024-01-26 21:05:45.402,4678.0000,184703,0,46780.0000,1,0,1,多换,S,4678.0000,4679.0000,11,38
DC,a2403,2024-01-26 21:05:45.739,4678.0000,184705,2,608160.0000,13,7,6,多开,B,4677.0000,4679.0000,35,50
DC,a2403,2024-01-26 21:05:46.907,4677.0000,184707,2,93540.0000,2,2,0,双开,S,4677.0000,4678.0000,30,23
DC,a2403,2024-01-26 21:05:47.444,4678.0000,184725,18,1029140.0000,22,20,2,多开,B,4677.0000,4678.0000,28,10
DC,a2403,2024-01-26 21:05:47.893,4678.0000,184734,9,561360.0000,12,10,2,空开,S,4678.0000,4679.0000,10,49
DC,a2403,2024-01-26 21:05:48.401,4678.0000,184736,2,93570.0000,2,2,0,双开,S,4678.0000,4679.0000,13,46
DC,a2403,2024-01-26 21:05:49.314,4678.0000,184737,1,93560.0000,2,1,1,空开,S,4678.0000,4679.0000,13,48
DC,a2403,2024-01-26 21:05:49.864,4678.0000,184739,2,140340.0000,3,2,1,空开,S,4678.0000,4679.0000,10,48
DC,a2403,2024-01-26 21:05:50.308,4678.0000,184742,3,140340.0000,3,3,0,双开,S,4678.0000,4679.0000,11,48
DC,a2403,2024-01-26 21:05:50.791,4678.0000,184743,1,93560.0000,2,1,1,空开,S,4678.0000,4679.0000,31,39
DC,a2403,2024-01-26 21:05:51.265,4678.0000,184743,0,46780.0000,1,0,1,多换,S,4678.0000,4679.0000,34,39
DC,a2403,2024-01-26 21:05:51.869,4678.0000,184743,0,93560.0000,2,1,1,多换,S,4678.0000,4679.0000,34,39
DC,a2403,2024-01-26 21:05:52.381,4678.0000,184743,0,46780.0000,1,0,1,多换,S,4678.0000,4679.0000,40,40
DC,a2403,2024-01-26 21:05:52.802,4678.0000,184745,2,561380.0000,12,7,5,空开,S,4678.0000,4679.0000,31,42
DC,a2403,2024-01-26 21:05:53.464,4678.0000,184746,1,327460.0000,7,4,3,空开,S,4678.0000,4679.0000,30,42
DC,a2403,2024-01-26 21:05:53.983,4678.0000,184751,5,327460.0000,7,6,1,空开,S,4678.0000,4679.0000,27,41
DC,a2403,2024-01-26 21:05:54.246,4679.0000,184756,5,467810.0000,10,7,3,多开,B,4678.0000,4679.0000,31,39
DC,a2403,2024-01-26 21:05:56.359,4678.0000,184753,-3,327460.0000,7,2,5,多平,S,4678.0000,4679.0000,38,42
DC,a2403,2024-01-26 21:05:56.751,4678.0000,184751,-2,187120.0000,4,1,3,多平,S,4678.0000,4679.0000,34,43
DC,a2403,2024-01-26 21:05:57.859,4678.0000,184751,0,46780.0000,1,0,1,多换,S,4678.0000,4679.0000,39,44
DC,a2403,2024-01-26 21:05:58.391,4678.0000,184750,-1,467800.0000,10,4,6,多平,S,4678.0000,4679.0000,29,44
DC,a2403,2024-01-26 21:05:58.624,4678.0000,184751,1,46780.0000,1,1,0,双开,S,4678.0000,4679.0000,29,44
DC,a2403,2024-01-26 21:05:59.948,4678.0000,184754,3,280680.0000,6,4,2,空开,S,4678.0000,4679.0000,30,47
DC,a2403,2024-01-26 21:06:00.241,4678.0000,184757,3,701710.0000,15,9,6,空开,S,4678.0000,4679.0000,14,46
DC,a2403,2024-01-26 21:06:00.967,4679.0000,184756,-1,93580.0000,2,0,2,空平,B,4678.0000,4679.0000,19,45
DC,a2403,2024-01-26 21:06:01.375,4678.0000,184756,0,561360.0000,12,6,6,多换,S,4678.0000,4679.0000,31,46
DC,a2403,2024-01-26 21:06:01.869,4679.0000,184756,0,93570.0000,2,1,1,空换,B,4678.0000,4679.0000,37,54
DC,a2403,2024-01-26 21:06:02.439,4677.0000,184728,-28,2151850.0000,46,9,37,多平,S,4677.0000,4678.0000,38,48
DC,a2403,2024-01-26 21:06:02.983,4678.0000,184726,-2,327460.0000,7,2,5,空平,B,4677.0000,4678.0000,45,45
DC,a2403,2024-01-26 21:06:03.346,4678.0000,184723,-3,187110.0000,4,0,4,空平,B,4677.0000,4678.0000,43,48
DC,a2403,2024-01-26 21:06:04.304,4677.0000,184723,0,93540.0000,2,1,1,多换,S,4677.0000,4678.0000,47,67
DC,a2403,2024-01-26 21:06:04.769,4678.0000,184723,0,93560.0000,2,1,1,空换,B,4677.0000,4678.0000,50,65
DC,a2403,2024-01-26 21:06:05.783,4678.0000,184723,0,93550.0000,2,1,1,空换,B,4677.0000,4678.0000,60,67
DC,a2403,2024-01-26 21:06:06.329,4678.0000,184721,-2,795180.0000,17,7,10,空平,B,4677.0000,4678.0000,55,62
DC,a2403,2024-01-26 21:06:06.959,4678.0000,184722,1,140330.0000,3,2,1,多开,B,4677.0000,4678.0000,56,63
DC,a2403,2024-01-26 21:06:07.402,4678.0000,184724,2,1871140.0000,40,21,19,多开,B,4677.0000,4678.0000,51,30
DC,a2403,2024-01-26 21:06:07.966,4678.0000,184746,22,2619680.0000,56,39,17,多开,B,4677.0000,4678.0000,58,7
DC,a2403,2024-01-26 21:06:08.479,4678.0000,184752,6,701660.0000,15,10,5,多开,B,4677.0000,4678.0000,48,11
DC,a2403,2024-01-26 21:06:09.368,4678.0000,184751,-1,467790.0000,10,4,6,空平,B,4677.0000,4678.0000,49,13
DC,a2403,2024-01-26 21:06:09.954,4677.0000,184752,1,46770.0000,1,1,0,双开,S,4677.0000,4678.0000,50,17
DC,a2403,2024-01-26 21:06:10.456,4678.0000,184762,10,1169490.0000,25,17,8,多开,B,4677.0000,4679.0000,50,54
DC,a2403,2024-01-26 21:06:10.978,4678.0000,184757,-5,280680.0000,6,0,6,多平,S,4678.0000,4679.0000,5,51
DC,a2403,2024-01-26 21:06:11.369,4679.0000,184758,1,140360.0000,3,2,1,多开,B,4678.0000,4679.0000,7,60
DC,a2403,2024-01-26 21:06:11.940,4678.0000,184759,1,140360.0000,3,2,1,空开,S,4678.0000,4679.0000,22,57
DC,a2403,2024-01-26 21:06:12.379,4678.0000,184748,-11,1216300.0000,26,7,19,多平,S,4678.0000,4679.0000,1,56
DC,a2403,2024-01-26 21:06:12.928,4679.0000,184749,1,46790.0000,1,1,0,双开,B,4678.0000,4679.0000,11,58
DC,a2403,2024-01-26 21:06:13.417,4679.0000,184760,11,1075970.0000,23,17,6,多开,B,4678.0000,4679.0000,15,55
DC,a2403,2024-01-26 21:06:14.369,4679.0000,184762,2,140370.0000,3,2,1,多开,B,4678.0000,4679.0000,36,53
DC,a2403,2024-01-26 21:06:14.810,4678.0000,184762,0,46780.0000,1,0,1,多换,S,4678.0000,4679.0000,35,54
DC,a2403,2024-01-26 21:06:15.486,4679.0000,184763,1,140350.0000,3,2,1,多开,B,4678.0000,4679.0000,41,55
DC,a2403,2024-01-26 21:06:16.372,4679.0000,184764,1,46790.0000,1,1,0,双开,B,4678.0000,4679.0000,41,48
DC,a2403,2024-01-26 21:06:16.878,4679.0000,184764,0,374250.0000,8,4,4,空换,B,4678.0000,4679.0000,34,48
DC,a2403,2024-01-26 21:06:17.485,4679.0000,184783,19,1029370.0000,22,20,2,多开,B,4678.0000,4679.0000,34,28
DC,a2403,2024-01-26 21:06:17.968,4679.0000,184784,1,748640.0000,16,8,8,多开,B,4678.0000,4679.0000,35,13
DC,a2403,2024-01-26 21:06:18.241,4679.0000,184791,7,795440.0000,17,12,5,空开,S,4679.0000,4680.0000,16,36
DC,a2403,2024-01-26 21:06:18.890,4679.0000,184790,-1,46790.0000,1,0,1,双平,S,4679.0000,4680.0000,22,37
DC,a2403,2024-01-26 21:06:19.263,4679.0000,184791,1,46790.0000,1,1,0,双开,S,4679.0000,4680.0000,22,21
DC,a2403,2024-01-26 21:06:19.876,4679.0000,184791,0,467900.0000,10,5,5,多换,S,4679.0000,4680.0000,22,29
DC,a2403,2024-01-26 21:06:20.581,4679.0000,184788,-3,140390.0000,3,0,3,双平,S,4679.0000,4680.0000,33,14
DC,a2403,2024-01-26 21:06:21.692,4679.0000,184789,1,93590.0000,2,1,1,空开,S,4679.0000,4680.0000,33,15
DC,a2403,2024-01-26 21:06:22.243,4680.0000,184790,1,140380.0000,3,2,1,多开,B,4679.0000,4680.0000,32,17
DC,a2403,2024-01-26 21:06:22.718,4680.0000,184790,0,46800.0000,1,0,1,空换,B,4679.0000,4680.0000,32,16
DC,a2403,2024-01-26 21:06:23.732,4680.0000,184790,0,93600.0000,2,1,1,空换,B,4679.0000,4680.0000,33,14
DC,a2403,2024-01-26 21:06:24.354,4679.0000,184768,-22,2105610.0000,45,11,34,空平,B,4678.0000,4679.0000,47,21
DC,a2403,2024-01-26 21:06:24.961,4679.0000,184758,-10,561470.0000,12,1,11,空平,B,4678.0000,4679.0000,32,16
DC,a2403,2024-01-26 21:06:25.487,4679.0000,184749,-9,421110.0000,9,0,9,双平,B,4678.0000,4679.0000,32,10
DC,a2403,2024-01-26 21:06:25.956,4679.0000,184748,-1,374320.0000,8,3,5,空平,B,4678.0000,4679.0000,32,5
DC,a2403,2024-01-26 21:06:26.406,4679.0000,184745,-3,327530.0000,7,2,5,空平,B,4678.0000,4680.0000,32,25
DC,a2403,2024-01-26 21:06:26.947,4678.0000,184744,-1,93570.0000,2,0,2,多平,S,4678.0000,4680.0000,31,29
DC,a2403,2024-01-26 21:06:27.398,4679.0000,184741,-3,140370.0000,3,0,3,双平,S,4679.0000,4680.0000,1,30
DC,a2403,2024-01-26 21:06:27.715,4679.0000,184742,1,46790.0000,1,1,0,双开,S,4679.0000,4680.0000,2,32
DC,a2403,2024-01-26 21:06:28.205,4680.0000,184741,-1,93600.0000,2,0,2,空平,B,4679.0000,4680.0000,2,34
DC,a2403,2024-01-26 21:06:28.922,4679.0000,184741,0,280790.0000,6,3,3,多换,S,4679.0000,4680.0000,13,30
DC,a2403,2024-01-26 21:06:29.186,4679.0000,184739,-2,140390.0000,3,0,3,多平,S,4679.0000,4680.0000,14,26
DC,a2403,2024-01-26 21:06:29.952,4679.0000,184740,1,93580.0000,2,1,1,空开,S,4679.0000,4680.0000,15,26
DC,a2403,2024-01-26 21:06:30.243,4680.0000,184738,-2,93600.0000,2,0,2,双平,B,4679.0000,4680.0000,17,23
DC,a2403,2024-01-26 21:06:30.805,4680.0000,184737,-1,46800.0000,1,0,1,双平,B,4679.0000,4680.0000,28,24
DC,a2403,2024-01-26 21:06:31.643,4679.0000,184738,1,46790.0000,1,1,0,双开,S,4679.0000,4680.0000,28,22
DC,a2403,2024-01-26 21:06:32.300,4680.0000,184738,0,46800.0000,1,0,1,空换,B,4679.0000,4680.0000,29,21
DC,a2403,2024-01-26 21:06:33.937,4679.0000,184739,1,93590.0000,2,1,1,空开,S,4679.0000,4680.0000,42,22
DC,a2403,2024-01-26 21:06:34.241,4680.0000,184743,4,1123200.0000,24,14,10,空开,S,4680.0000,4681.0000,12,23
DC,a2403,2024-01-26 21:06:36.257,4681.0000,184745,2,327670.0000,7,4,3,多开,B,4680.0000,4681.0000,49,8
DC,a2403,2024-01-26 21:06:36.739,4681.0000,184750,5,374470.0000,8,6,2,多开,B,4680.0000,4682.0000,48,19
DC,a2403,2024-01-26 21:06:37.475,4682.0000,184752,2,187260.0000,4,3,1,多开,B,4681.0000,4682.0000,10,33
DC,a2403,2024-01-26 21:06:38.392,4681.0000,184749,-3,187240.0000,4,0,4,多平,S,4681.0000,4682.0000,13,34
DC,a2403,2024-01-26 21:06:38.833,4681.0000,184751,2,842580.0000,18,10,8,多开,B,4680.0000,4682.0000,46,34
DC,a2403,2024-01-26 21:06:39.412,4681.0000,184753,2,93610.0000,2,2,0,双开,B,4680.0000,4681.0000,39,19
DC,a2403,2024-01-26 21:06:39.741,4681.0000,184754,1,46810.0000,1,1,0,双开,B,4680.0000,4681.0000,37,21
DC,a2403,2024-01-26 21:06:40.281,4681.0000,184754,0,46810.0000,1,0,1,空换,B,4680.0000,4681.0000,37,23
DC,a2403,2024-01-26 21:06:40.968,4680.0000,184758,4,514900.0000,11,7,4,空开,S,4680.0000,4681.0000,39,8
DC,a2403,2024-01-26 21:06:41.815,4680.0000,184759,1,93600.0000,2,1,1,空开,S,4680.0000,4681.0000,34,12
DC,a2403,2024-01-26 21:06:44.889,4681.0000,184762,3,842580.0000,18,10,8,空开,S,4681.0000,4682.0000,3,40
DC,a2403,2024-01-26 21:06:45.453,4681.0000,184760,-2,234060.0000,5,1,4,多平,S,4681.0000,4682.0000,11,39
DC,a2403,2024-01-26 21:06:46.323,4681.0000,184761,1,46810.0000,1,1,0,双开,S,4681.0000,4682.0000,12,40
DC,a2403,2024-01-26 21:06:46.860,4681.0000,184762,1,46810.0000,1,1,0,双开,S,4681.0000,4682.0000,11,44
DC,a2403,2024-01-26 21:06:47.954,4682.0000,184764,2,140450.0000,3,2,1,多开,B,4681.0000,4682.0000,10,43
DC,a2403,2024-01-26 21:06:48.940,4680.0000,184750,-14,4446110.0000,95,40,55,空平,B,4679.0000,4680.0000,38,7
DC,a2403,2024-01-26 21:06:49.843,4679.0000,184750,0,46790.0000,1,0,1,多换,S,4679.0000,4680.0000,22,40
DC,a2403,2024-01-26 21:06:50.168,4680.0000,184749,-1,46800.0000,1,0,1,双平,B,4679.0000,4680.0000,22,39
DC,a2403,2024-01-26 21:06:50.739,4680.0000,184750,1,46800.0000,1,1,0,双开,B,4679.0000,4680.0000,20,39
DC,a2403,2024-01-26 21:06:51.322,4680.0000,184751,1,93600.0000,2,1,1,多开,B,4679.0000,4680.0000,21,37
DC,a2403,2024-01-26 21:06:51.957,4680.0000,184750,-1,233990.0000,5,2,3,空平,B,4679.0000,4680.0000,19,33
DC,a2403,2024-01-26 21:06:52.462,4680.0000,184750,0,327600.0000,7,3,4,空换,B,4679.0000,4680.0000,20,27
DC,a2403,2024-01-26 21:06:52.804,4680.0000,184749,-1,140390.0000,3,1,2,空平,B,4679.0000,4680.0000,20,26
DC,a2403,2024-01-26 21:06:54.486,4680.0000,184749,0,46800.0000,1,0,1,空换,B,4679.0000,4680.0000,21,31
DC,a2403,2024-01-26 21:06:56.452,4680.0000,184747,-2,93600.0000,2,0,2,双平,B,4679.0000,4680.0000,29,32
DC,a2403,2024-01-26 21:06:56.679,4679.0000,184747,0,46790.0000,1,0,1,多换,S,4679.0000,4680.0000,31,35
DC,a2403,2024-01-26 21:06:57.291,4679.0000,184747,0,46790.0000,1,0,1,多换,S,4679.0000,4680.0000,32,35
DC,a2403,2024-01-26 21:06:57.532,4680.0000,184748,1,46800.0000,1,1,0,双开,B,4679.0000,4680.0000,33,34
DC,a2403,2024-01-26 21:06:58.240,4679.0000,184747,-1,327550.0000,7,3,4,多平,S,4679.0000,4680.0000,28,32
DC,a2403,2024-01-26 21:06:58.739,4679.0000,184748,1,93580.0000,2,1,1,空开,S,4679.0000,4680.0000,26,34
DC,a2403,2024-01-26 21:06:59.352,4679.0000,184753,5,467900.0000,10,7,3,空开,S,4679.0000,4680.0000,12,35
DC,a2403,2024-01-26 21:06:59.739,4679.0000,184758,5,280740.0000,6,5,1,多开,B,4678.0000,4680.0000,66,35
DC,a2403,2024-01-26 21:07:00.470,4679.0000,184764,6,374320.0000,8,7,1,多开,B,4678.0000,4679.0000,65,22
DC,a2403,2024-01-26 21:07:01.756,4678.0000,184765,1,93560.0000,2,1,1,空开,S,4678.0000,4679.0000,52,59
DC,a2403,2024-01-26 21:07:02.463,4679.0000,184767,2,140350.0000,3,2,1,多开,B,4678.0000,4679.0000,55,34
DC,a2403,2024-01-26 21:07:03.272,4678.0000,184767,0,467800.0000,10,5,5,多换,S,4678.0000,4679.0000,45,61
DC,a2403,2024-01-26 21:07:04.355,4678.0000,184769,2,93570.0000,2,2,0,双开,S,4678.0000,4679.0000,48,59
DC,a2403,2024-01-26 21:07:04.740,4679.0000,184779,10,514590.0000,11,10,1,多开,B,4678.0000,4679.0000,38,37
DC,a2403,2024-01-26 21:07:05.929,4678.0000,184781,2,93560.0000,2,2,0,双开,S,4678.0000,4679.0000,36,40
DC,a2403,2024-01-26 21:07:06.688,4678.0000,184782,1,46780.0000,1,1,0,双开,S,4678.0000,4679.0000,39,44
DC,a2403,2024-01-26 21:07:07.973,4679.0000,184782,0,93580.0000,2,1,1,空换,B,4678.0000,4679.0000,42,43
DC,a2403,2024-01-26 21:07:08.245,4679.0000,184781,-1,46790.0000,1,0,1,双平,B,4678.0000,4679.0000,43,42
DC,a2403,2024-01-26 21:07:08.979,4678.0000,184782,1,46780.0000,1,1,0,双开,S,4678.0000,4679.0000,42,51
DC,a2403,2024-01-26 21:07:10.550,4678.0000,184793,11,514580.0000,11,11,0,双开,S,4678.0000,4679.0000,37,52
DC,a2403,2024-01-26 21:07:11.692,4678.0000,184794,1,46780.0000,1,1,0,双开,S,4678.0000,4679.0000,36,52
DC,a2403,2024-01-26 21:07:12.393,4678.0000,184794,0,93570.0000,2,1,1,多换,S,4678.0000,4679.0000,36,51
DC,a2403,2024-01-26 21:07:13.284,4678.0000,184794,0,93570.0000,2,1,1,多换,S,4678.0000,4679.0000,38,54
DC,a2403,2024-01-26 21:07:15.252,4679.0000,184794,0,46790.0000,1,0,1,空换,B,4678.0000,4679.0000,37,53
DC,a2403,2024-01-26 21:07:15.710,4678.0000,184796,2,608150.0000,13,7,6,空开,S,4678.0000,4679.0000,25,52
DC,a2403,2024-01-26 21:07:16.033,4678.0000,184797,1,46780.0000,1,1,0,双开,S,4678.0000,4679.0000,24,52
DC,a2403,2024-01-26 21:07:16.830,4678.0000,184797,0,46780.0000,1,0,1,多换,S,4678.0000,4679.0000,23,52
DC,a2403,2024-01-26 21:07:17.388,4679.0000,184796,-1,46790.0000,1,0,1,双平,B,4678.0000,4679.0000,23,51
DC,a2403,2024-01-26 21:07:20.240,4678.0000,184795,-1,1169500.0000,25,12,13,空平,B,4677.0000,4679.0000,39,54
DC,a2403,2024-01-26 21:07:20.901,4678.0000,184791,-4,187120.0000,4,0,4,双平,B,4677.0000,4678.0000,20,17
DC,a2403,2024-01-26 21:07:21.474,4677.0000,184799,8,420930.0000,9,8,1,空开,S,4677.0000,4678.0000,12,28
DC,a2403,2024-01-26 21:07:21.739,4677.0000,184800,1,46770.0000,1,1,0,双开,S,4677.0000,4678.0000,12,40
DC,a2403,2024-01-26 21:07:22.470,4678.0000,184799,-1,140320.0000,3,1,2,空平,B,4677.0000,4678.0000,11,40
DC,a2403,2024-01-26 21:07:23.960,4678.0000,184798,-1,46780.0000,1,0,1,双平,B,4677.0000,4678.0000,11,40
DC,a2403,2024-01-26 21:07:24.864,4678.0000,184798,0,46780.0000,1,0,1,空换,B,4677.0000,4678.0000,14,40
DC,a2403,2024-01-26 21:07:25.450,4678.0000,184799,1,93550.0000,2,1,1,多开,B,4677.0000,4678.0000,16,39
DC,a2403,2024-01-26 21:07:26.191,4678.0000,184798,-1,46780.0000,1,0,1,双平,B,4677.0000,4678.0000,17,39
DC,a2403,2024-01-26 21:07:26.936,4677.0000,184799,1,140310.0000,3,2,1,空开,S,4677.0000,4678.0000,10,44
DC,a2403,2024-01-26 21:07:27.438,4678.0000,184798,-1,46780.0000,1,0,1,双平,B,4677.0000,4678.0000,7,43
DC,a2403,2024-01-26 21:07:27.889,4677.0000,184798,0,46770.0000,1,0,1,多换,S,4677.0000,4678.0000,9,43
DC,a2403,2024-01-26 21:07:28.970,4677.0000,184798,0,46770.0000,1,0,1,多换,S,4677.0000,4678.0000,13,46
DC,a2403,2024-01-26 21:07:29.936,4677.0000,184804,6,654780.0000,14,10,4,多开,B,4676.0000,4678.0000,109,46
DC,a2403,2024-01-26 21:07:30.239,4677.0000,184805,1,46770.0000,1,1,0,双开,B,4676.0000,4677.0000,99,7
DC,a2403,2024-01-26 21:07:31.977,4676.0000,184807,2,93520.0000,2,2,0,双开,S,4676.0000,4677.0000,99,39
DC,a2403,2024-01-26 21:07:32.406,4677.0000,184823,16,748180.0000,16,16,0,双开,B,4676.0000,4677.0000,86,32
DC,a2403,2024-01-26 21:07:33.570,4677.0000,184823,0,93540.0000,2,1,1,空换,B,4676.0000,4677.0000,87,35
DC,a2403,2024-01-26 21:07:34.888,4677.0000,184823,0,187080.0000,4,2,2,空换,B,4676.0000,4677.0000,87,31
DC,a2403,2024-01-26 21:07:35.389,4676.0000,184825,2,187060.0000,4,3,1,空开,S,4676.0000,4677.0000,85,29
DC,a2403,2024-01-26 21:07:35.937,4676.0000,184829,4,233800.0000,5,4,1,空开,S,4676.0000,4677.0000,79,32
DC,a2403,2024-01-26 21:07:36.371,4676.0000,184832,3,140280.0000,3,3,0,双开,S,4676.0000,4677.0000,78,32
DC,a2403,2024-01-26 21:07:36.739,4676.0000,184834,2,93520.0000,2,2,0,双开,S,4676.0000,4677.0000,75,38
DC,a2403,2024-01-26 21:07:37.437,4677.0000,184835,1,46770.0000,1,1,0,双开,B,4676.0000,4677.0000,75,38
DC,a2403,2024-01-26 21:07:37.922,4677.0000,184837,2,93540.0000,2,2,0,双开,B,4676.0000,4677.0000,75,36
DC,a2403,2024-01-26 21:07:39.471,4676.0000,184838,1,46760.0000,1,1,0,双开,S,4676.0000,4677.0000,74,36
DC,a2403,2024-01-26 21:07:40.297,4677.0000,184838,0,935220.0000,20,10,10,空换,B,4676.0000,4677.0000,58,37
DC,a2403,2024-01-26 21:07:41.724,4676.0000,184839,1,46760.0000,1,1,0,双开,S,4676.0000,4677.0000,57,37
DC,a2403,2024-01-26 21:07:42.883,4676.0000,184840,1,46760.0000,1,1,0,双开,S,4676.0000,4677.0000,59,42
DC,a2403,2024-01-26 21:07:43.460,4676.0000,184859,19,2805620.0000,60,39,21,多开,B,4675.0000,4676.0000,144,75
DC,a2403,2024-01-26 21:07:43.984,4676.0000,184862,3,140280.0000,3,3,0,双开,B,4675.0000,4676.0000,154,85
DC,a2403,2024-01-26 21:07:44.746,4676.0000,184862,0,46760.0000,1,0,1,空换,B,4675.0000,4676.0000,155,99
DC,a2403,2024-01-26 21:07:46.368,4676.0000,184864,2,93520.0000,2,2,0,双开,B,4675.0000,4676.0000,155,102
DC,a2403,2024-01-26 21:07:46.720,4675.0000,184865,1,93510.0000,2,1,1,空开,S,4675.0000,4676.0000,154,107
DC,a2403,2024-01-26 21:07:47.251,4675.0000,184861,-4,327250.0000,7,1,6,多平,S,4675.0000,4676.0000,147,107
DC,a2403,2024-01-26 21:07:47.740,4676.0000,184862,1,140270.0000,3,2,1,多开,B,4675.0000,4676.0000,147,105
DC,a2403,2024-01-26 21:07:48.440,4675.0000,184867,5,280540.0000,6,5,1,空开,S,4675.0000,4676.0000,143,102
DC,a2403,2024-01-26 21:07:48.987,4675.0000,184868,1,140260.0000,3,2,1,空开,S,4675.0000,4676.0000,142,101
DC,a2403,2024-01-26 21:07:49.338,4676.0000,184870,2,140280.0000,3,2,1,多开,B,4675.0000,4676.0000,141,101
DC,a2403,2024-01-26 21:07:50.458,4675.0000,184871,1,46750.0000,1,1,0,双开,S,4675.0000,4676.0000,142,102
DC,a2403,2024-01-26 21:07:50.983,4675.0000,184871,0,93500.0000,2,1,1,多换,S,4675.0000,4676.0000,141,106
DC,a2403,2024-01-26 21:07:51.259,4675.0000,184872,1,46750.0000,1,1,0,双开,S,4675.0000,4676.0000,142,107
DC,a2403,2024-01-26 21:07:51.755,4676.0000,184874,2,140270.0000,3,2,1,多开,B,4675.0000,4676.0000,136,107
DC,a2403,2024-01-26 21:07:52.406,4675.0000,184874,0,46750.0000,1,0,1,多换,S,4675.0000,4676.0000,135,105
DC,a2403,2024-01-26 21:07:53.278,4676.0000,184875,1,1262510.0000,27,14,13,多开,B,4675.0000,4676.0000,159,86
DC,a2403,2024-01-26 21:07:53.975,4676.0000,184895,20,4021360.0000,86,53,33,空开,S,4676.0000,4677.0000,17,24
DC,a2403,2024-01-26 21:07:54.429,4676.0000,184898,3,140280.0000,3,3,0,双开,S,4676.0000,4677.0000,20,29
DC,a2403,2024-01-26 21:07:55.469,4676.0000,184899,1,93530.0000,2,1,1,空开,S,4676.0000,4677.0000,27,30
DC,a2403,2024-01-26 21:07:55.762,4676.0000,184902,3,140280.0000,3,3,0,双开,S,4676.0000,4677.0000,21,30
DC,a2403,2024-01-26 21:07:56.890,4676.0000,184903,1,46760.0000,1,1,0,双开,S,4676.0000,4677.0000,26,33
DC,a2403,2024-01-26 21:07:58.684,4677.0000,184905,2,93530.0000,2,2,0,双开,B,4676.0000,4677.0000,26,32
DC,a2403,2024-01-26 21:08:00.453,4676.0000,184891,-14,981960.0000,21,3,18,空平,B,4675.0000,4676.0000,135,21
DC,a2403,2024-01-26 21:08:00.973,4676.0000,184890,-1,607880.0000,13,6,7,空平,B,4675.0000,4676.0000,136,21
DC,a2403,2024-01-26 21:08:01.362,4676.0000,184888,-2,93520.0000,2,0,2,双平,B,4675.0000,4676.0000,146,63
DC,a2403,2024-01-26 21:08:01.894,4675.0000,184887,-1,140270.0000,3,1,2,多平,S,4675.0000,4676.0000,144,71
DC,a2403,2024-01-26 21:08:02.875,4675.0000,184887,0,140260.0000,3,1,2,多换,S,4675.0000,4676.0000,156,70
DC,a2403,2024-01-26 21:08:05.419,4675.0000,184888,1,46750.0000,1,1,0,双开,S,4675.0000,4676.0000,159,79
DC,a2403,2024-01-26 21:08:05.981,4676.0000,184888,0,46760.0000,1,0,1,空换,B,4675.0000,4676.0000,165,80
DC,a2403,2024-01-26 21:08:06.985,4675.0000,184890,2,93500.0000,2,2,0,双开,S,4675.0000,4676.0000,163,80
DC,a2403,2024-01-26 21:08:07.316,4675.0000,184891,1,46750.0000,1,1,0,双开,S,4675.0000,4676.0000,167,83
DC,a2403,2024-01-26 21:08:07.853,4675.0000,184892,1,46750.0000,1,1,0,双开,S,4675.0000,4676.0000,166,83
DC,a2403,2024-01-26 21:08:08.289,4675.0000,184895,3,280550.0000,6,4,2,空开,S,4675.0000,4676.0000,166,77
DC,a2403,2024-01-26 21:08:08.978,4675.0000,184897,2,93510.0000,2,2,0,双开,S,4675.0000,4676.0000,166,89
DC,a2403,2024-01-26 21:08:09.142,4676.0000,184897,0,46760.0000,1,0,1,空换,B,4675.0000,4676.0000,165,88
DC,a2403,2024-01-26 21:08:10.072,4675.0000,184903,6,280500.0000,6,6,0,双开,S,4675.0000,4676.0000,160,91
DC,a2403,2024-01-26 21:08:10.758,4676.0000,184906,3,140270.0000,3,3,0,双开,B,4675.0000,4676.0000,159,89
DC,a2403,2024-01-26 21:08:11.930,4676.0000,184907,1,140270.0000,3,2,1,多开,B,4675.0000,4676.0000,157,88
DC,a2403,2024-01-26 21:08:12.386,4675.0000,184911,4,327280.0000,7,5,2,空开,S,4675.0000,4676.0000,154,85
DC,a2403,2024-01-26 21:08:12.638,4675.0000,184912,1,46750.0000,1,1,0,双开,S,4675.0000,4676.0000,153,85
DC,a2403,2024-01-26 21:08:13.305,4675.0000,184915,3,140250.0000,3,3,0,双开,S,4675.0000,4676.0000,152,85
DC,a2403,2024-01-26 21:08:14.404,4675.0000,184915,0,1028500.0000,22,11,11,多换,S,4675.0000,4676.0000,129,102
DC,a2403,2024-01-26 21:08:14.956,4675.0000,184971,56,6170980.0000,132,94,38,多开,B,4674.0000,4675.0000,10,21
DC,a2403,2024-01-26 21:08:15.469,4674.0000,184977,6,701100.0000,15,10,5,多开,B,4673.0000,4674.0000,36,3
DC,a2403,2024-01-26 21:08:15.885,4674.0000,185046,69,5702700.0000,122,95,27,空开,S,4674.0000,4675.0000,22,11
DC,a2403,2024-01-26 21:08:16.407,4675.0000,185046,0,561000.0000,12,6,6,多换,S,4675.0000,4676.0000,5,51
DC,a2403,2024-01-26 21:08:16.746,4675.0000,185047,1,93500.0000,2,1,1,空开,S,4675.0000,4676.0000,24,49
DC,a2403,2024-01-26 21:08:17.440,4675.0000,185047,0,46750.0000,1,0,1,多换,S,4675.0000,4676.0000,28,51
DC,a2403,2024-01-26 21:08:17.980,4675.0000,185070,23,1215720.0000,26,24,2,空开,S,4675.0000,4676.0000,24,30
DC,a2403,2024-01-26 21:08:18.329,4675.0000,185088,18,1028690.0000,22,20,2,空开,S,4675.0000,4677.0000,37,30
DC,a2403,2024-01-26 21:08:18.829,4675.0000,185093,5,280520.0000,6,5,1,空开,S,4675.0000,4676.0000,38,12
DC,a2403,2024-01-26 21:08:19.934,4675.0000,185095,2,93500.0000,2,2,0,双开,S,4676.0000,4677.0000,2,42
DC,a2403,2024-01-26 21:08:20.266,4676.0000,185095,0,233800.0000,5,2,3,多换,S,4676.0000,4677.0000,1,42
DC,a2403,2024-01-26 21:08:20.829,4676.0000,185094,-1,46760.0000,1,0,1,双平,B,4675.0000,4677.0000,37,42
DC,a2403,2024-01-26 21:08:21.416,4676.0000,185093,-1,93520.0000,2,0,2,多平,S,4676.0000,4677.0000,2,42
DC,a2403,2024-01-26 21:08:21.749,4676.0000,185094,1,140290.0000,3,2,1,多开,B,4675.0000,4677.0000,37,40
DC,a2403,2024-01-26 21:08:22.785,4675.0000,185095,1,46750.0000,1,1,0,双开,S,4676.0000,4677.0000,2,38
DC,a2403,2024-01-26 21:08:23.986,4676.0000,185095,0,280560.0000,6,3,3,多换,S,4676.0000,4677.0000,4,36
DC,a2403,2024-01-26 21:08:24.759,4676.0000,185095,0,46760.0000,1,0,1,多换,S,4676.0000,4677.0000,4,38
DC,a2403,2024-01-26 21:08:25.741,4676.0000,185092,-3,374080.0000,8,2,6,多平,S,4676.0000,4677.0000,1,40
DC,a2403,2024-01-26 21:08:26.239,4676.0000,185091,-1,46760.0000,1,0,1,双平,B,4675.0000,4676.0000,42,21
DC,a2403,2024-01-26 21:08:26.971,4675.0000,185091,0,46750.0000,1,0,1,多换,S,4675.0000,4676.0000,30,23
DC,a2403,2024-01-26 21:08:27.896,4676.0000,185091,0,46760.0000,1,0,1,空换,B,4675.0000,4676.0000,30,25
DC,a2403,2024-01-26 21:08:29.001,4675.0000,185090,-1,46750.0000,1,0,1,双平,S,4675.0000,4676.0000,30,27
DC,a2403,2024-01-26 21:08:29.940,4675.0000,185089,-1,46750.0000,1,0,1,双平,S,4675.0000,4676.0000,30,28
DC,a2403,2024-01-26 21:08:30.702,4675.0000,185089,0,46750.0000,1,0,1,多换,S,4675.0000,4676.0000,39,31
DC,a2403,2024-01-26 21:08:31.779,4675.0000,185090,1,46750.0000,1,1,0,双开,S,4675.0000,4676.0000,38,40
DC,a2403,2024-01-26 21:08:32.754,4675.0000,185091,1,46750.0000,1,1,0,双开,S,4675.0000,4676.0000,39,41
DC,a2403,2024-01-26 21:08:33.786,4675.0000,185095,4,187030.0000,4,4,0,双开,S,4675.0000,4676.0000,68,38
DC,a2403,2024-01-26 21:08:34.194,4675.0000,185096,1,46750.0000,1,1,0,双开,S,4675.0000,4676.0000,66,39
DC,a2403,2024-01-26 21:08:35.285,4676.0000,185107,11,514360.0000,11,11,0,双开,B,4675.0000,4676.0000,71,31
DC,a2403,2024-01-26 21:08:35.872,4676.0000,185135,28,1776880.0000,38,33,5,空开,S,4676.0000,4677.0000,4,55
DC,a2403,2024-01-26 21:08:36.777,4676.0000,185136,1,140290.0000,3,2,1,空开,S,4676.0000,4677.0000,4,56
DC,a2403,2024-01-26 21:08:37.210,4677.0000,185136,0,93540.0000,2,1,1,空换,B,4676.0000,4677.0000,5,52
DC,a2403,2024-01-26 21:08:37.968,4676.0000,185137,1,280560.0000,6,3,3,空开,S,4676.0000,4677.0000,9,49
DC,a2403,2024-01-26 21:08:38.417,4677.0000,185137,0,93530.0000,2,1,1,空换,B,4676.0000,4677.0000,18,48
DC,a2403,2024-01-26 21:08:38.826,4676.0000,185137,0,46760.0000,1,0,1,多换,S,4676.0000,4677.0000,18,43
DC,a2403,2024-01-26 21:08:39.272,4676.0000,185137,0,93520.0000,2,1,1,多换,S,4676.0000,4677.0000,18,43
DC,a2403,2024-01-26 21:08:39.945,4676.0000,185135,-2,93520.0000,2,0,2,双平,S,4676.0000,4677.0000,18,43
DC,a2403,2024-01-26 21:08:41.454,4676.0000,185135,0,46760.0000,1,0,1,多换,S,4676.0000,4677.0000,19,44
DC,a2403,2024-01-26 21:08:41.782,4676.0000,185136,1,140290.0000,3,2,1,空开,S,4676.0000,4677.0000,17,43
DC,a2403,2024-01-26 21:08:43.764,4676.0000,185135,-1,46760.0000,1,0,1,双平,S,4676.0000,4677.0000,30,24
DC,a2403,2024-01-26 21:08:45.365,4676.0000,185135,0,46760.0000,1,0,1,多换,S,4676.0000,4677.0000,29,22
DC,a2403,2024-01-26 21:08:45.771,4676.0000,185135,0,140280.0000,3,1,2,多换,S,4676.0000,4677.0000,28,25
DC,a2403,2024-01-26 21:08:46.329,4677.0000,185136,1,46770.0000,1,1,0,双开,B,4676.0000,4677.0000,30,26
DC,a2403,2024-01-26 21:08:46.938,4676.0000,185136,0,233800.0000,5,2,3,多换,S,4676.0000,4677.0000,24,28
DC,a2403,2024-01-26 21:08:47.434,4677.0000,185136,0,46770.0000,1,0,1,空换,B,4676.0000,4677.0000,10,39
DC,a2403,2024-01-26 21:08:47.761,4677.0000,185136,0,46770.0000,1,0,1,空换,B,4676.0000,4677.0000,9,37
DC,a2403,2024-01-26 21:08:48.645,4676.0000,185137,1,93520.0000,2,1,1,空开,S,4676.0000,4677.0000,8,41
DC,a2403,2024-01-26 21:08:49.151,4676.0000,185138,1,46760.0000,1,1,0,双开,S,4676.0000,4677.0000,6,41
DC,a2403,2024-01-26 21:08:50.740,4676.0000,185140,2,280560.0000,6,4,2,空开,S,4676.0000,4677.0000,1,43
DC,a2403,2024-01-26 21:08:51.270,4677.0000,185140,0,93530.0000,2,1,1,空换,B,4675.0000,4677.0000,59,43
DC,a2403,2024-01-26 21:08:51.806,4675.0000,185141,1,46750.0000,1,1,0,双开,S,4675.0000,4677.0000,58,48
DC,a2403,2024-01-26 21:08:52.739,4677.0000,185140,-1,46770.0000,1,0,1,双平,B,4675.0000,4676.0000,58,1
DC,a2403,2024-01-26 21:08:53.739,4676.0000,185140,0,46760.0000,1,0,1,空换,B,4675.0000,4676.0000,58,1
DC,a2403,2024-01-26 21:08:54.985,4676.0000,185140,0,233770.0000,5,2,3,空换,B,4675.0000,4676.0000,50,8
DC,a2403,2024-01-26 21:08:55.776,4676.0000,185143,3,187020.0000,4,3,1,多开,B,4675.0000,4676.0000,48,9
DC,a2403,2024-01-26 21:08:56.822,4675.0000,185144,1,140250.0000,3,2,1,空开,S,4675.0000,4676.0000,45,12
DC,a2403,2024-01-26 21:08:57.293,4676.0000,185144,0,46760.0000,1,0,1,空换,B,4675.0000,4676.0000,47,12
DC,a2403,2024-01-26 21:08:57.549,4675.0000,185143,-1,46750.0000,1,0,1,双平,S,4675.0000,4676.0000,46,11
DC,a2403,2024-01-26 21:08:58.215,4675.0000,185143,0,46750.0000,1,0,1,多换,S,4675.0000,4676.0000,45,10
DC,a2403,2024-01-26 21:08:58.903,4676.0000,185146,3,280540.0000,6,4,2,多开,B,4675.0000,4676.0000,43,8
DC,a2403,2024-01-26 21:09:00.239,4675.0000,185144,-2,374000.0000,8,3,5,多平,S,4675.0000,4676.0000,35,54
DC,a2403,2024-01-26 21:09:00.862,4676.0000,185144,0,93520.0000,2,1,1,空换,B,4675.0000,4676.0000,37,53
DC,a2403,2024-01-26 21:09:01.901,4675.0000,185146,2,93500.0000,2,2,0,双开,S,4675.0000,4676.0000,41,26
DC,a2403,2024-01-26 21:09:02.461,4676.0000,185147,1,46760.0000,1,1,0,双开,B,4675.0000,4676.0000,43,45
DC,a2403,2024-01-26 21:09:02.897,4675.0000,185151,4,280510.0000,6,5,1,空开,S,4675.0000,4676.0000,41,28
DC,a2403,2024-01-26 21:09:03.485,4675.0000,185154,3,140250.0000,3,3,0,双开,S,4675.0000,4676.0000,37,28
DC,a2403,2024-01-26 21:09:03.835,4676.0000,185154,0,46760.0000,1,0,1,空换,B,4675.0000,4676.0000,40,31
DC,a2403,2024-01-26 21:09:04.285,4676.0000,185154,0,46760.0000,1,0,1,空换,B,4675.0000,4676.0000,40,45
DC,a2403,2024-01-26 21:09:04.787,4675.0000,185154,0,93500.0000,2,1,1,多换,S,4675.0000,4676.0000,38,45
DC,a2403,2024-01-26 21:09:05.271,4676.0000,185154,0,187040.0000,4,2,2,空换,B,4675.0000,4676.0000,40,28
DC,a2403,2024-01-26 21:09:05.885,4676.0000,185156,2,93510.0000,2,2,0,双开,B,4675.0000,4676.0000,39,28
DC,a2403,2024-01-26 21:09:06.836,4675.0000,185159,3,140250.0000,3,3,0,双开,S,4675.0000,4676.0000,36,43
DC,a2403,2024-01-26 21:09:07.872,4676.0000,185160,1,233800.0000,5,3,2,多开,B,4675.0000,4676.0000,36,31
DC,a2403,2024-01-26 21:09:10.834,4675.0000,185163,3,140250.0000,3,3,0,双开,S,4675.0000,4676.0000,34,38
DC,a2403,2024-01-26 21:09:11.354,4675.0000,185165,2,93500.0000,2,2,0,双开,S,4675.0000,4676.0000,31,36
DC,a2403,2024-01-26 21:09:11.837,4675.0000,185165,0,93510.0000,2,1,1,多换,S,4675.0000,4676.0000,30,35
DC,a2403,2024-01-26 21:09:12.258,4676.0000,185163,-2,93520.0000,2,0,2,双平,B,4675.0000,4676.0000,30,34
DC,a2403,2024-01-26 21:09:12.739,4676.0000,185163,0,233800.0000,5,2,3,空换,B,4675.0000,4676.0000,35,28
DC,a2403,2024-01-26 21:09:14.220,4676.0000,185163,0,280560.0000,6,3,3,空换,B,4675.0000,4676.0000,35,30
DC,a2403,2024-01-26 21:09:14.763,4675.0000,185165,2,93500.0000,2,2,0,双开,S,4675.0000,4676.0000,33,28
DC,a2403,2024-01-26 21:09:16.982,4675.0000,185168,3,187000.0000,4,3,1,空开,S,4675.0000,4676.0000,31,31
DC,a2403,2024-01-26 21:09:17.577,4675.0000,185169,1,93500.0000,2,1,1,空开,S,4675.0000,4676.0000,43,42
DC,a2403,2024-01-26 21:09:19.462,4676.0000,185169,0,46760.0000,1,0,1,空换,B,4675.0000,4676.0000,45,28
DC,a2403,2024-01-26 21:09:20.287,4676.0000,185169,0,280560.0000,6,3,3,空换,B,4675.0000,4676.0000,57,32
DC,a2403,2024-01-26 21:09:20.959,4676.0000,185215,46,2525120.0000,54,50,4,空开,S,4676.0000,4677.0000,20,29
DC,a2403,2024-01-26 21:09:21.354,4676.0000,185219,4,187040.0000,4,4,0,双开,S,4676.0000,4677.0000,28,18
DC,a2403,2024-01-26 21:09:21.838,4676.0000,185220,1,46760.0000,1,1,0,双开,S,4676.0000,4677.0000,31,19
DC,a2403,2024-01-26 21:09:22.584,4677.0000,185218,-2,140310.0000,3,0,3,空平,B,4676.0000,4677.0000,32,16
DC,a2403,2024-01-26 21:09:23.239,4677.0000,185217,-1,46770.0000,1,0,1,双平,B,4676.0000,4677.0000,32,15
DC,a2403,2024-01-26 21:09:23.535,4677.0000,185218,1,46770.0000,1,1,0,双开,B,4676.0000,4677.0000,32,15
DC,a2403,2024-01-26 21:09:25.831,4677.0000,185224,6,467700.0000,10,8,2,多开,B,4676.0000,4677.0000,44,5
DC,a2403,2024-01-26 21:09:26.239,4677.0000,185229,5,280620.0000,6,5,1,空开,S,4677.0000,4678.0000,10,48
DC,a2403,2024-01-26 21:09:26.950,4677.0000,185230,1,46770.0000,1,1,0,双开,S,4677.0000,4678.0000,21,49
DC,a2403,2024-01-26 21:09:28.456,4678.0000,185247,17,935600.0000,20,18,2,多开,B,4677.0000,4678.0000,29,31
DC,a2403,2024-01-26 21:09:28.940,4678.0000,185244,-3,701700.0000,15,6,9,空平,B,4677.0000,4678.0000,22,11
DC,a2403,2024-01-26 21:09:29.649,4677.0000,185245,1,46770.0000,1,1,0,双开,S,4677.0000,4678.0000,35,11
DC,a2403,2024-01-26 21:09:30.057,4678.0000,185244,-1,46780.0000,1,0,1,双平,B,4677.0000,4678.0000,36,10
DC,a2403,2024-01-26 21:09:30.775,4678.0000,185245,1,467800.0000,10,5,5,空开,S,4678.0000,4679.0000,2,36
DC,a2403,2024-01-26 21:09:31.864,4678.0000,185246,1,46780.0000,1,1,0,双开,S,4678.0000,4679.0000,14,36
DC,a2403,2024-01-26 21:09:32.928,4679.0000,185242,-4,280740.0000,6,1,5,空平,B,4678.0000,4679.0000,31,25
DC,a2403,2024-01-26 21:09:33.484,4678.0000,185238,-4,514590.0000,11,3,8,多平,S,4678.0000,4679.0000,37,24
DC,a2403,2024-01-26 21:09:33.966,4678.0000,185198,-40,1917980.0000,41,0,41,空平,B,4677.0000,4678.0000,37,13
DC,a2403,2024-01-26 21:09:34.946,4677.0000,185199,1,46770.0000,1,1,0,双开,S,4677.0000,4678.0000,37,16
DC,a2403,2024-01-26 21:09:35.274,4678.0000,185202,3,748480.0000,16,9,7,空开,S,4678.0000,4679.0000,8,26
DC,a2403,2024-01-26 21:09:36.400,4678.0000,185202,0,46780.0000,1,0,1,多换,S,4678.0000,4679.0000,4,42
DC,a2403,2024-01-26 21:09:36.979,4678.0000,185200,-2,187120.0000,4,1,3,空平,B,4677.0000,4678.0000,50,1
DC,a2403,2024-01-26 21:09:37.260,4678.0000,185200,0,46780.0000,1,0,1,多换,S,4678.0000,4679.0000,5,41
DC,a2403,2024-01-26 21:09:37.522,4678.0000,185199,-1,46780.0000,1,0,1,双平,S,4678.0000,4679.0000,4,42
DC,a2403,2024-01-26 21:09:38.468,4678.0000,185199,0,46780.0000,1,0,1,多换,S,4678.0000,4679.0000,3,42
DC,a2403,2024-01-26 21:09:38.963,4678.0000,185199,0,93560.0000,2,1,1,多换,S,4678.0000,4679.0000,2,43
DC,a2403,2024-01-26 21:09:39.390,4678.0000,185199,0,93560.0000,2,1,1,空换,B,4677.0000,4679.0000,46,43
DC,a2403,2024-01-26 21:09:39.939,4679.0000,185201,2,93580.0000,2,2,0,双开,B,4677.0000,4678.0000,46,4
DC,a2403,2024-01-26 21:09:41.853,4677.0000,185202,1,46770.0000,1,1,0,双开,S,4677.0000,4678.0000,42,11
DC,a2403,2024-01-26 21:09:44.948,4678.0000,185203,1,46780.0000,1,1,0,双开,B,4677.0000,4678.0000,54,11
DC,a2403,2024-01-26 21:09:45.240,4678.0000,185207,4,561360.0000,12,8,4,多开,B,4677.0000,4679.0000,54,38
DC,a2403,2024-01-26 21:09:45.773,4678.0000,185210,3,233900.0000,5,4,1,空开,S,4678.0000,4679.0000,11,38
DC,a2403,2024-01-26 21:09:46.486,4679.0000,185210,0,187160.0000,4,2,2,空换,B,4678.0000,4679.0000,11,33
DC,a2403,2024-01-26 21:09:46.854,4678.0000,185211,1,93570.0000,2,1,1,空开,S,4678.0000,4679.0000,10,31
DC,a2403,2024-01-26 21:09:47.427,4679.0000,185211,0,46790.0000,1,0,1,空换,B,4678.0000,4679.0000,18,30
DC,a2403,2024-01-26 21:09:49.741,4678.0000,185211,0,46780.0000,1,0,1,多换,S,4678.0000,4679.0000,19,29
DC,a2403,2024-01-26 21:09:50.240,4679.0000,185210,-1,46790.0000,1,0,1,双平,B,4678.0000,4679.0000,10,33
DC,a2403,2024-01-26 21:09:50.852,4679.0000,185211,1,46790.0000,1,1,0,双开,B,4678.0000,4679.0000,10,32
DC,a2403,2024-01-26 21:09:51.904,4679.0000,185210,-1,140360.0000,3,1,2,空平,B,4678.0000,4679.0000,10,30
DC,a2403,2024-01-26 21:09:52.451,4679.0000,185209,-1,187160.0000,4,1,3,空平,B,4678.0000,4679.0000,33,26
DC,a2403,2024-01-26 21:09:52.850,4679.0000,185212,3,514690.0000,11,7,4,多开,B,4678.0000,4680.0000,34,34
DC,a2403,2024-01-26 21:09:53.477,4679.0000,185212,0,187160.0000,4,2,2,空换,B,4678.0000,4679.0000,44,1
DC,a2403,2024-01-26 21:09:53.767,4679.0000,185212,0,46790.0000,1,0,1,空换,B,4678.0000,4679.0000,38,4
DC,a2403,2024-01-26 21:09:55.239,4678.0000,185212,0,327460.0000,7,3,4,多换,S,4678.0000,4679.0000,29,24
DC,a2403,2024-01-26 21:09:55.893,4678.0000,185214,2,748480.0000,16,9,7,空开,S,4678.0000,4679.0000,11,33
DC,a2403,2024-01-26 21:09:56.470,4678.0000,185201,-13,982380.0000,21,4,17,空平,B,4677.0000,4678.0000,23,9
DC,a2403,2024-01-26 21:09:57.448,4678.0000,185201,0,46780.0000,1,0,1,空换,B,4677.0000,4678.0000,26,11
DC,a2403,2024-01-26 21:09:57.935,4678.0000,185198,-3,140340.0000,3,0,3,双平,B,4677.0000,4678.0000,26,12
DC,a2403,2024-01-26 21:09:58.299,4678.0000,185199,1,140340.0000,3,2,1,多开,B,4677.0000,4678.0000,27,10
DC,a2403,2024-01-26 21:10:00.959,4678.0000,185200,1,46780.0000,1,1,0,双开,B,4677.0000,4678.0000,20,33
DC,a2403,2024-01-26 21:10:01.438,4678.0000,185200,0,93550.0000,2,1,1,空换,B,4677.0000,4678.0000,29,32
DC,a2403,2024-01-26 21:10:01.842,4677.0000,185210,10,888630.0000,19,14,5,空开,S,4677.0000,4678.0000,11,38
DC,a2403,2024-01-26 21:10:02.451,4678.0000,185210,0,140320.0000,3,1,2,空换,B,4677.0000,4678.0000,9,37
DC,a2403,2024-01-26 21:10:02.926,4678.0000,185209,-1,46780.0000,1,0,1,双平,B,4677.0000,4678.0000,16,37
DC,a2403,2024-01-26 21:10:04.452,4677.0000,185208,-1,46770.0000,1,0,1,双平,S,4677.0000,4678.0000,16,40
DC,a2403,2024-01-26 21:10:04.853,4677.0000,185206,-2,93540.0000,2,0,2,双平,S,4677.0000,4678.0000,14,42
DC,a2403,2024-01-26 21:10:06.934,4677.0000,185200,-6,280620.0000,6,0,6,双平,S,4677.0000,4678.0000,10,40
DC,a2403,2024-01-26 21:10:07.368,4678.0000,185199,-1,46780.0000,1,0,1,双平,B,4677.0000,4678.0000,10,40
DC,a2403,2024-01-26 21:10:07.974,4677.0000,185199,0,514470.0000,11,5,6,多换,S,4677.0000,4678.0000,1,41
DC,a2403,2024-01-26 21:10:08.474,4677.0000,185195,-4,187080.0000,4,0,4,双平,B,4676.0000,4678.0000,34,56
DC,a2403,2024-01-26 21:10:08.977,4677.0000,185195,0,46770.0000,1,0,1,空换,B,4676.0000,4677.0000,34,3
DC,a2403,2024-01-26 21:10:09.451,4677.0000,185197,2,140310.0000,3,2,1,多开,B,4676.0000,4677.0000,38,37
DC,a2403,2024-01-26 21:10:10.754,4676.0000,185200,3,140280.0000,3,3,0,双开,S,4676.0000,4677.0000,32,18
DC,a2403,2024-01-26 21:10:12.418,4676.0000,185197,-3,280560.0000,6,1,5,多平,S,4676.0000,4677.0000,30,43
DC,a2403,2024-01-26 21:10:13.821,4677.0000,185198,1,46770.0000,1,1,0,双开,B,4676.0000,4677.0000,30,32
DC,a2403,2024-01-26 21:10:14.065,4677.0000,185198,0,46770.0000,1,0,1,空换,B,4676.0000,4677.0000,30,31
DC,a2403,2024-01-26 21:10:15.973,4676.0000,185194,-4,327330.0000,7,1,6,多平,S,4676.0000,4677.0000,24,30
DC,a2403,2024-01-26 21:10:16.425,4676.0000,185193,-1,467600.0000,10,4,6,多平,S,4676.0000,4677.0000,14,30
DC,a2403,2024-01-26 21:10:17.239,4677.0000,185193,0,46770.0000,1,0,1,空换,B,4676.0000,4677.0000,12,30
DC,a2403,2024-01-26 21:10:17.986,4676.0000,185195,2,93520.0000,2,2,0,双开,S,4676.0000,4677.0000,10,38
DC,a2403,2024-01-26 21:10:18.761,4676.0000,185195,0,46760.0000,1,0,1,多换,S,4676.0000,4677.0000,9,39
